1685 2772
121 147 232 203 [917]

121 272 234 330 [91⁷]

190 553 235 587 34

191 1020 232 1055 35

118 2007 232 2062 [918]

191 2088 233 2124 37

665 155 1183 211 [ΔΗΜΟΣΘΕΝΟΎΣ]
1451 155 1599 210 [xxxw

264 289 380 323 μενος
410 273 683 324 ἀμφισβητεῖς
711 270 807 323 πρὸς
836 270 879 311 ἓν
902 271 1007 323 ῥῆμα
1030 274 1108 310 τῶν
1135 272 1177 311 ἐν
1202 277 1248 328 τῇ
1279 277 1507 329 συγγραφῇ,
1537 273 1600 313 καὶ

264 339 367 379 τοῦτ’
393 339 595 395 ἀνῃρηκὼς
620 338 748 379 αὐτός.
820 338 938 378 ὁπότε
967 339 1042 390 γὰρ
1072 339 1115 378 ἐν
1140 342 1192 393 τῷ
1224 339 1416 393 Βοσπόρῳ
1443 338 1522 391 φὴς
1545 339 1599 391 μὴ

265 408 314 446 τὰ
342 405 525 459 χρήματα
559 404 746 445 ἐνθέσθαι
778 406 833 446 εἰς
869 403 941 454 τὴν
976 408 1084 451 ναῦν,
1120 406 1227 445 ἀλλὰ
1262 405 1306 445 τὸ
1342 407 1510 458 χρυσίον
1545 411 1598 462 τῷ

266 472 470 527 ναυκλήρῳ
496 474 721 517 ἀποδοῦναι,
749 472 788 511 τί
812 472 869 512 ἔτι
893 472 981 523 περὶ
1006 474 1075 521 τῆς
1100 473 1197 514 νεὼς
1222 472 1415 524 διαλέγει;
1454 472 1498 512 οὐ
1524 475 1599 526 γὰρ

264 539 514 593 μετέσχηκας
547 543 615 579 τοῦ
652 538 828 579 κινδύνου
858 539 922 578 διὰ
954 537 998 577 τὸ
1029 541 1151 589 μηδὲν
1184 538 1384 579 ἐνθέσθαι.
1457 540 1519 580 καὶ
1555 540 1598 580 τὸ
1617 557 1636 590 5

263 608 336 657 μὲν
369 610 536 658 πρῶτον,
566 604 595 646 ὦ
628 605 766 657 ἄνδρες
799 606 996 651 δικασταί,
1032 606 1217 657 ὥρμησεν
1251 605 1314 646 ἐπὶ
1351 607 1495 656 ταύτην
1526 607 1598 657 τὴν

266 675 431 725 σκῆψιν,
459 672 509 714 ὡς
536 671 805 723 ἐντεθειμένος
838 674 886 712 τὰ
917 671 1102 725 χρήματα
1132 674 1186 714 εἰς
1218 672 1289 722 τὴν
1315 675 1422 713 ναῦν·
1462 673 1596 724 ἐπειδὴ

264 743 306 781 δὲ
331 743 444 780 τοῦτο
471 741 513 779 ἐκ
539 743 703 779 πολλῶν
729 740 900 790 ἔμελλεν
924 738 1250 793 ἐλεγχθήσεσθαι
1273 740 1532 792 ψευδόμενος,
1555 741 1598 782 ἔκ

263 824 307 849 τε
330 809 397 857 τῆς
422 807 658 858 ἀπογραφῆς
683 808 752 856 τῆς
778 807 820 846 ἐν
847 806 1039 860 Βοσπόρῳ
1063 808 1168 858 παρὰ
1193 810 1274 849 τοῖς
1300 808 1598 859 ἐλλιμενισταῖς

267 875 328 915 καὶ
360 873 435 914 ὑπὸ
467 877 544 914 τῶν
569 875 611 914 ἐν
637 878 690 928 τῷ
726 873 897 928 ἐμπορίῳ
931 874 1226 924 ἐπιδημούντων
1253 876 1350 914 κατὰ
1380 874 1449 916 τὸν
1479 875 1597 917 αὐτὸν
1620 897 1658 918 10

265 942 422 995 χρόνον,
449 944 659 991 τηνικαῦτα
678 941 1007 992 μεταβαλόμενος
1028 941 1262 982 συνίσταται
1278 943 1379 993 μετὰ
1397 946 1466 982 τοῦ
1484 942 1576 994 Λάμ

266 1012 378 1050 πιδος
412 1009 477 1049 καί
504 1013 630 1061 φησιν
661 1008 796 1062 ἐκείνῳ
827 1007 872 1048 τὸ
900 1008 1068 1060 χρυσίον
1095 1008 1397 1055 ἀποδεδωκέναι,
1434 1011 1597 1062 ἐφόδιον

264 1078 337 1127 μὲν
360 1076 501 1127 λαβὼν
526 1079 569 1115 τὸ
595 1075 667 1125 τὴν
687 1075 926 1128 συγγραφὴν
947 1074 1134 1122 κελεύειν,
1154 1075 1222 1115 οὐκ
1249 1075 1296 1116 ἂν
1322 1076 1540 1128 ἡγούμενος
1562 1076 1596 1118 δ’

264 1144 366 1194 ἡμᾶς
390 1143 563 1195 εὐπόρως
588 1140 794 1195 ἐξελέγξαι
826 1143 905 1182 ὅσα
932 1142 1045 1193 μόνοι
1073 1142 1170 1194 πρὸς
1199 1142 1338 1185 αὑτοὺς
1366 1143 1476 1185 αὐτοὶ
1500 1144 1597 1195 πρά-

265 1209 387 1261 ξειαν.
459 1211 521 1250 καὶ
550 1210 570 1249 ὁ
605 1209 774 1260 Λάμπις,
807 1210 885 1249 ὅσα
917 1211 990 1259 μὲν
1024 1209 1132 1249 εἶπεν
1165 1209 1262 1261 πρὸς
1296 1211 1365 1260 ἐμὲ
1397 1210 1489 1263 πρὶν
1520 1210 1596 1251 ὑπὸ
1619 1231 1656 1264 15

264 1278 403 1318 τούτου
444 1279 720 1329 διαφθαρῆναι,
765 1276 832 1316 οὐκ
875 1276 985 1317 ἐντὸς
1034 1274 1086 1316 ὢν
1129 1277 1247 1316 αὑτοῦ
1289 1282 1416 1328 φησιν
1457 1279 1594 1318 εἰπεῖν’

265 1345 399 1395 ἐπειδὴ
433 1346 476 1386 δὲ
507 1344 552 1384 τὸ
586 1345 754 1397 χρυσίον
789 1342 935 1394 τούμὸν
972 1343 1194 1394 ἐμερίσατο,
1233 1343 1312 1383 τότ’
1351 1345 1461 1386 ἐντὸς
1497 1345 1600 1385 εἶναι’

265 1417 393 1465 φησιν
418 1412 534 1452 αὑτοῦ
561 1411 624 1451 καὶ
649 1410 763 1451 πάντ’
791 1411 965 1461 ἀκριβῶς
989 1409 1260 1460 μνημονεύειν.

334 1480 381 1519 Εἰ
413 1480 486 1529 μὲν
516 1478 595 1523 οὖν,
624 1475 652 1517 ὦ
683 1477 822 1529 ἄνδρες
852 1477 1045 1522 δικασταί,
1078 1478 1173 1527 ἐμοῦ
1205 1476 1328 1527 μόνου
1360 1479 1597 1530 κατεφρόνει

265 1545 434 1596 Λάμπις,
466 1545 579 1586 οὐδὲν
612 1544 660 1586 ἂν
694 1543 741 1595 ἦν
773 1543 1013 1595 θαυμαστόν·
1053 1546 1120 1584 νῦν
1153 1545 1194 1584 δὲ
1227 1547 1364 1598 πολλῷ
1395 1545 1597 1596 δεινότερα
1618 1559 1657 1581 20

264 1612 404 1653 τούτου
432 1611 653 1664 πέπρακται
685 1611 786 1666 αὐτῷ
817 1610 913 1663 πρὸς
945 1613 1094 1653 πάντας
1127 1611 1237 1661 ὑμᾶς.
1311 1609 1489 1662 κήρυγμα
1520 1613 1596 1664 γὰρ

265 1678 534 1731 ποιησαμένου
573 1678 820 1731 Παιρισάδου
859 1679 902 1718 ἐν
946 1678 1152 1732 Βοσπόρῳ,
1193 1676 1262 1718 ἐάν
1300 1694 1359 1719 τις
1399 1678 1596 1729 βούληται

264 1745 456 1797 Ἀθήναζε
482 1747 536 1788 εἷς
560 1746 604 1786 τὸ
624 1745 805 1786 Ἀττικὸν
826 1746 1013 1797 ἐμπόριον
1034 1749 1225 1797 σιτηγεῖν,
1248 1746 1368 1795 ἀτελῆ
1394 1744 1463 1785 τὸν
1483 1749 1596 1786 σῖτον

266 1813 434 1866 ἐξάγειν,
476 1814 675 1864 ἐπιδημῶν
712 1815 754 1853 ἐν
792 1817 844 1868 τῷ
883 1813 1076 1867 Βοσπόρῳ
1114 1813 1134 1851 ὁ
1170 1811 1327 1863 Λάμπις
1364 1812 1489 1863 ἔλαβε
1524 1812 1596 1863 τὴν

267 1879 471 1933 ἐξαγωγὴν
499 1884 567 1920 τοῦ
601 1882 712 1920 σίτου
747 1880 808 1920 καὶ
840 1880 912 1930 τὴν
945 1879 1128 1920 ἀτέλειαν
1161 1881 1225 1920 ἐπὶ
1259 1883 1312 1934 τῷ
1341 1881 1410 1929 τῆς
1441 1880 1596 1922 πόλεως
1618 1895 1655 1926 25

265 1948 439 1998 ὀνόματι,
487 1948 658 2000 γεμίσας
706 1949 747 1987 δὲ
795 1951 890 1988 ναῦν
931 1947 1111 1999 μεγάλην
1154 1948 1266 1987 σίτου
1316 1946 1500 1997 ἐκόμισεν
1541 1948 1597 1989 εἷς

265 2013 459 2055 Ἀκανθον
489 2015 602 2055 κάκεῖ
624 2014 774 2055 διέθετο
804 2012 861 2066 <ὁ>
891 2013 1244 2066 προσκοινωνήσας
1268 2013 1391 2067 τούτῳ
1418 2013 1495 2054 ἀπὸ
1518 2016 1596 2054 τῶν

264 2080 462 2132 ὑμετέρων
487 2081 710 2134 χρημάτων.
766 2082 827 2121 καὶ
852 2080 956 2121 ταῦτ’
977 2079 1158 2132 ἔπραξεν,
1180 2079 1209 2120 ὦ
1236 2080 1372 2133 ἄνδρες
1398 2081 1593 2126 δικασταί,

309 2200 327 2220 2
352 2191 520 2231 ἀνειρηκως
539 2189 563 2220 S
710 2199 729 2228 5
753 2188 867 2229 μηδὲν]
883 2191 926 2229 μὴ
944 2189 995 2220 A:
1019 2189 1099 2229 μηδὲ
1120 2189 1255 2220 Dobree
1402 2191 1423 2219 6
1446 2190 1597 2222 δικασταί

266 2233 290 2264 S
307 2245 313 2264 :
337 2234 496 2272 Ἀθηναῖοι
513 2233 603 2271 vulg.
739 2244 756 2272 7
783 2233 946 2273 ἐνθέμενος
963 2232 995 2263 Α
1113 2234 1133 2263 8
1158 2232 1420 2274 ἐλεγχθήσεσθαι
1438 2233 1462 2264 S
1478 2245 1485 2264 z
1510 2236 1592 2274 ἐξελ.

265 2277 353 2316 vulg.
488 2287 509 2315 9
534 2279 771 2316 ἐνλιμενισταῖς
788 2276 855 2307 SA
991 2287 1027 2306 11
1052 2276 1319 2316 μεταβαλόμενος
1344 2276 1473 2315 FQD:
1497 2290 1594 2316 μετα-

265 2319 470 2358 βαλλόμενος
489 2320 512 2350 S
526 2319 557 2349 A
692 2329 729 2358 14
756 2319 882 2361 ἐλέγξαι
902 2319 932 2358 Q
946 2319 975 2349 D
1065 2320 1170 2358 aimei}
1188 2318 1273 2351 οὗτοι
1291 2319 1322 2349 Α
1457 2329 1494 2358 15
1518 2320 1594 2360 πρὸς

267 2363 321 2402 ἐμὲ
338 2373 403 2394 om.
427 2363 505 2401 FD,
524 2363 556 2393 in
574 2376 624 2404 γρ.
644 2363 718 2393 hab.
743 2363 773 2401 Q
904 2374 941 2393 21
969 2363 1159 2405 κηρύγματα
1173 2362 1205 2393 Α
1337 2373 1379 2393 22
1403 2362 1594 2405 Παιρισάδου

265 2407 307 2438 cs.
327 2409 342 2444 ξ
360 2408 380 2436 8
527 2416 567 2445 27
594 2406 871 2447 προσκοινωνήσας
891 2407 914 2437 S
932 2407 1020 2444 vulg.
1043 2417 1049 2436 :
1074 2407 1268 2444 κοινωνήσας
1285 2405 1338 2437 A:
1363 2409 1378 2438 ὁ
1396 2406 1595 2444 κοινωνήσας

267 2450 376 2488 Blass,
396 2450 484 2480 unde
503 2452 519 2481 ὁ
536 2450 648 2489 recepi
738 2451 780 2480 28
805 2449 965 2491 ὑμετέρων
981 2449 1123 2481 Voemel
1138 2461 1145 2480 :
1170 2449 1334 2491 ἡμετέρων
1351 2451 1446 2481 codd.
1515 2462 1594 2491 χρη-

263 2494 373 2533 μάτων
388 2504 452 2524 om.
472 2493 512 2530 A,
530 2494 589 2523 sed
607 2493 645 2524 cf.
667 2494 710 2523 lvi
732 2504 768 2532 17
