1685 2772
137 124 254 178 xxm]
522 127 682 165 ΠΡΟΣ
729 127 1027 165 ONHTOPA
1078 128 1107 164 B
1493 126 1611 180 [879]

134 243 276 292 προῖκα
299 238 512 280 δεδωκότος
538 241 622 284 σοῦ,
648 237 738 288 μηδ’
763 238 860 290 ὑπὲρ
889 238 1038 278 τούτων
1071 239 1124 279 εἷς
1157 237 1341 289 βάσανον
1373 237 1461 288 μηδ’

134 308 190 349 εἰς
230 305 334 346 ἄλλο
376 304 524 345 δίκαιον
570 307 692 356 μηδὲν
740 304 1005 357 καταφεύγειν
1047 304 1266 351 ἐθέλοντος,
1310 306 1370 345 ὅτι
1412 304 1463 345 σὺ

134 375 283 423 στῆσαι
307 371 386 424 φὴς
410 372 534 423 ὅρους,
564 371 637 412 σὸν
668 371 769 412 εἶναι
798 371 842 411 τὸ
875 371 1039 424 χωρίον;
1074 372 1151 424 ἐγὼ
1182 374 1255 423 μὲν
1287 372 1463 422 οὐδαμῶς

134 439 255 490 οἶμαι·
293 438 364 489 τὴν
392 440 467 490 γὰρ
498 437 688 489 ἀλήθειαν
723 437 931 484 σκεπτέον,
964 438 1037 491 οὐχ
1068 438 1091 477 ἃ
1122 455 1180 480 τις
1209 439 1310 492 αὐτῷ
1341 455 1460 490 παρε-

95 520 112 551 5
135 506 333 546 σκεύασεν
358 504 583 556 ἐξεπίτηδες
608 507 663 547 εἷς
695 505 741 546 τὸ
764 504 902 557 λέγειν
935 521 972 545 τι
1004 508 1147 551 δοκεῖν,
1174 506 1308 557 ὥσπερ
1340 506 1460 556 ὑμεῖς.
1495 499 1616 556 [880]

134 572 270 613 ἔπειτα
293 571 338 612 τὸ
363 572 601 612 δεινότατον·
641 573 674 612 εἰ
701 573 763 613 καὶ
788 572 999 614 δεδωκότες
1019 571 1078 622 ἦθ’
1108 572 1159 614 ὡς
1190 571 1368 623 μάλιστα
1391 571 1463 622 τὴν
1499 583 1539 616 14

134 643 289 692 προῖκα,
314 637 364 689 ἣν
388 639 432 679 οὐ
457 639 663 684 δεδώκατε,
685 639 743 681 τίς
763 640 783 678 ὁ
807 639 956 679 τούτων
976 640 1116 686 αἵτιος;
1144 638 1217 692 οὐχ
1234 640 1355 690 ὑμεῖς,
1377 639 1462 679 ἐπεὶ

135 704 235 758 (ἐπὶ)
251 705 341 757 τᾶμ’
359 705 486 752 ἔδοτε,·
513 705 586 758 οὐχ
605 707 714 747 ὅλοις
734 707 866 746 ἔτεσιν
887 707 1075 758 πρότερον
1090 705 1182 746 δέκα
1200 707 1303 757 τάμὰ
1321 706 1463 757 λαβὼν

135 774 243 827 εἶχεν
267 774 414 814 ἐκεῖνος
441 773 494 813 ὧν
519 769 657 824 ὦφλεν
676 772 748 822 τὴν
767 774 890 823 δίκην,
912 769 935 822 ἢ
957 771 1149 823 κηδεστήν
1169 790 1234 813 σοι
1253 772 1460 824 γενέσθαι;

79 855 115 876 10
134 837 157 891 ἢ
185 842 232 881 σὲ
255 842 329 891 μὲν
353 842 414 880 δεῖ
431 841 675 890 κομίσασθαι
695 839 835 886 πάντα,
857 838 926 880 τὸν
950 841 992 880 δὲ
1013 841 1075 880 καὶ
1102 838 1464 891 καταδικασάμενον

137 908 199 948 καὶ
213 906 263 948 δι’
272 907 466 959 ὀρφανίαν
481 905 716 958 ἠδικημένον
736 908 799 946 καὶ
816 906 975 958 προικὸς
992 907 1179 957 ἀληθινῆς
1195 905 1462 959 ἀπεστερημέ-

137 991 218 1021 νον,
237 973 282 1015 ὃν
300 975 422 1025 μόνον
442 974 658 1026 ἀνθρώπων
677 974 767 1014 οὐδὲ
785 976 855 1024 τῆς
880 973 1104 1024 ἐπωβελίας
1125 972 1235 1024 ἄξιον
1265 972 1312 1023 ἦν
1337 976 1462 1014 κινδυ-

138 1042 276 1088 νεύειν,
294 1040 542 1093 ἠναγκάσθαι
561 1044 721 1081 τοιαῦτα
737 1043 889 1090 παθεῖν,
912 1039 1196 1091 κεκομισμένον
1214 1040 1302 1091 μηδ’
1319 1041 1462 1087 ὁτιοῦν,

140 1109 201 1149 καὶ
225 1107 330 1148 ταῦτ’
355 1107 545 1148 ἐθέλοντα
569 1111 696 1148 ποιεῖν
712 1104 816 1160 <ἐφ’>
842 1109 933 1158 ὑμῖν
958 1107 1100 1153 αὐτοῖς,
1128 1109 1165 1148 εἴ
1186 1124 1223 1147 τι
1247 1111 1323 1147 τῶν
1352 1108 1461 1148 δεόν-

79 1193 116 1224 15
135 1192 215 1216 των
239 1174 462 1226 ἐβούλεσθε
486 1173 690 1226 πράττειν,·

184 1295 197 1315 1
225 1286 283 1317 σοῦ
300 1283 324 1315 S
340 1295 347 1314 ε
371 1282 487 1315 τούτου
505 1282 529 1314 S
545 1297 595 1325 γρ.
619 1283 646 1312 Α
662 1284 686 1314 F
700 1283 729 1314 D
873 1294 892 1313 2
917 1283 1134 1326 καταφεύγειν
1153 1284 1176 1315 S
1190 1283 1243 1315 A:
1267 1291 1373 1324 καταφ
1351 1286 1466 1324 φυγεῖν

138 1328 226 1368 vulg.
368 1337 388 1365 3
413 1327 501 1368 ὅρους
519 1327 552 1357 in
573 1327 692 1358 lacuna
708 1327 752 1357 vii
770 1326 834 1359 litt.
854 1327 954 1358 habet
972 1328 995 1359 S
1013 1339 1031 1357 a
1049 1338 1090 1358 m.
1111 1333 1177 1358 ant.
1329 1328 1349 1357 8
1373 1325 1467 1370 (ἐπὶ)

138 1373 211 1403 add.
231 1371 454 1410 Boissonade‚
475 1371 608 1401 Dobree
787 1381 826 1401 10
850 1373 900 1402 δεῖ
914 1372 970 1402 A:
996 1371 1059 1403 ἔδει
1077 1373 1166 1410 vulg.
1304 1373 1468 1403 καταδεδι-

139 1414 301 1455 κασμένον
323 1414 354 1444 Α
504 1424 604 1444 11-12
630 1415 680 1446 καὶ
705 1413 768 1446 δι’.
815 1415 879 1446 ,ὃν
902 1425 965 1445 om.
994 1414 1042 1453 Sl,
1071 1416 1147 1447 add
1176 1415 1209 1445 in
1230 1424 1294 1453 mg.
1323 1415 1397 1446 ead.
1423 1424 1468 1445 m.

142 1469 177 1490 11
208 1456 377 1497 ἀληθινῆςἹ
397 1458 521 1493 ἀληθῶς
546 1457 570 1488 S
594 1468 658 1497 mg
796 1468 834 1487 12
859 1457 934 1488 fort.
957 1457 1021 1489 οὐδ’
1040 1457 1157 1501 (ὑπὲρ)
1175 1461 1244 1497 τῆς,
1264 1458 1303 1490 cf.
1317 1458 1410 1489 xxvii
1426 1459 1470 1498 69

142 1512 180 1542 14
198 1504 248 1544 ἐφ’
266 1503 338 1542 ὑμῖν
355 1500 497 1540 Seager
515 1501 554 1532 cf.
573 1511 644 1531 xxx
662 1512 699 1532 2:
727 1502 798 1539 ὑμῖν
815 1501 911 1532 codd.

186 1545 224 1576 In
245 1546 268 1577 S
285 1544 506 1584 subscriptum

540 1592 644 1621 ΠΡΟΣ
669 1592 861 1620 ΟΝΗΤΟΡΑ
886 1591 1071 1623 ΕΞΟΤΛΗΣ

665 1637 691 1664 O
713 1635 894 1665 ΤΣΤΕΡΟΣ
918 1636 941 1662 Β

634 1680 658 1707 Η
685 1675 802 1707 ᾸΔΔᾸ
828 1674 884 1708 ἕως
902 1673 963 1707 ὧδε

792 1725 820 1767 4

221 2468 310 2491 nme
1377 2450 1396 2480 5
