1685 2772
128 78 250 133 [945]
707 88 1193 126 AHMOEQENOTE
1469 83 1618 137 [xxm

283 200 378 244 ὄντι,
407 197 525 238 αὗταί
550 199 666 243 εἶσιν,
694 194 724 236 ὦ
749 196 887 248 ἄνδρες
914 196 1132 246 Ἀθηναῖοι·
1171 199 1232 237 δεῖ
1262 196 1294 236 δ’
1328 198 1427 247 ὑμᾶς
1453 198 1619 238 ἀκοῦσαι

283 264 346 305 καὶ
368 268 508 316 μαθεῖν
537 266 580 304 ἐκ
603 266 710 306 τίνος
736 263 883 315 τρόπου
908 264 1194 315 προσώφειλεν
1219 266 1267 303 τὰ
1293 264 1432 304 ἕνδεκα
1455 264 1618 305 τάλανθ’

229 345 251 383 ς
282 332 302 371 ὁ
344 331 513 371 Πασίων
551 331 615 371 ἐπὶ
652 330 723 380 τὴν
759 330 966 383 τράπεζαν.
1028 330 1072 370 οὐ
1111 332 1187 382 γὰρ
1223 330 1271 371 δι’
1308 331 1477 382 ἀπορίαν
1512 331 1618 372 ταῦτ’

281 399 467 451 ὤφειλεν,
495 399 603 437 ἀλλὰ
629 399 692 438 διὰ
717 397 947 450 φιλεργίαν.
1000 397 1022 447 ἡ
1049 399 1124 447 μὲν
1145 400 1221 450 γὰρ
1249 398 1405 449 ἔγγειος
1430 397 1477 448 ἦν
1502 399 1620 439 οὐσία

281 466 466 506 Πασίωνι
487 464 667 516 μάλιστα
691 464 899 505 ταλάντων
918 466 1082 511 εἴκοσιν,
1098 465 1286 516 ἀργύριον
1313 467 1355 506 δὲ
1376 464 1473 516 πρὸς
1498 465 1618 522 ταύτῃ
1639 485 1657 516 5

281 531 583 582 δεδανεισμένον
603 528 731 584 [ἴδιον]
752 530 878 571 πλέον
896 528 919 581 ἢ
937 532 1183 582 πεντήκοντα
1207 531 1396 572 τάλαντα.
1456 533 1498 572 ἐν
1523 530 1620 584 [οὖν]

124 600 247 655 f946]
280 604 362 641 τοῖς
388 598 636 649 πεντήκοντα
658 598 870 640 ταλάντοις
895 598 1048 641 τούτοις
1074 598 1151 639 ἀπὸ
1177 603 1257 639 τῶν
1279 602 1619 651 παρακαταθηκῶν

228 674 249 707 6
280 670 358 707 τῶν
378 668 445 717 τῆς
471 665 664 718 τραπέζης
693 666 835 706 ἕνδεκα
862 665 1026 706 τάλαντ’
1052 667 1195 717 ἐνεργὰ
1224 665 1285 716 ἦν.
1353 666 1619 717 μισθούμενος

281 733 348 774 οὖν
372 734 439 774 ὅδε
464 732 534 783 τὴν
556 733 749 785 ἐργασίαν
776 732 897 783 αὐτὴν
917 735 987 783 τῆς
1006 732 1197 785 τραπέζης
1225 733 1288 773 καὶ
1307 735 1378 776 τὰς
1391 750 1617 785 παρακατα-

282 799 402 852 θήκας
426 796 690 852 [Amafinium]
721 801 822 852 ὁρῶν
847 801 921 848 ὅτι,
941 799 1057 852 μήπω
1082 801 1153 850 τῆς
1175 800 1380 841 πολιτείας
1407 800 1508 855 αὐτῷ
1529 800 1618 853 παρ’
1641 822 1681 845 10

279 869 371 918 ὑμῖν
396 868 530 918 οὔσης,
558 867 632 921 οὐχ
658 868 737 908 οἶός
764 866 798 906 τ’
823 867 947 908 ἔσοιτ’
975 865 1229 919 εἰσπράττειν
1255 868 1334 907 ὅσα
1358 867 1528 907 Πασίων
1555 867 1618 908 ἐπὶ

280 940 330 991 γῇ
357 935 419 975 καὶ
453 934 669 977 συνοικίαις
703 935 936 976 δεδανεικὼς
972 933 1031 983 ἦν,
1060 935 1188 974 εἵλετο
1213 937 1373 985 μᾶλλον
1406 934 1525 974 αὐτὸν
1549 934 1618 975 τὸν

281 1002 476 1043 Πασίωνα
491 1001 673 1055 χρήστην
693 1002 803 1055 ἔχειν
818 1002 969 1042 τούτων
988 1005 1068 1041 τῶν
1082 999 1297 1054 χρημάτων
1321 998 1344 1051 ὴ
1365 1001 1455 1043 τοὺς
1470 1000 1618 1044 ἄλλους

280 1068 471 1123 χρήστας,
490 1070 545 1111 οἷς
572 1068 805 1121 προειμένος
831 1067 890 1119 ἧν.
955 1068 1017 1108 καὶ
1037 1069 1137 1108 οὕτω
1164 1069 1228 1108 διὰ
1245 1067 1352 1108 ταῦτ’
1379 1067 1534 1120 ἐγράφη
1563 1070 1618 1111 εἷς

279 1136 352 1186 τὴν
369 1137 570 1187 μίσθωσιν
586 1136 872 1188 προσοφείλων
889 1136 909 1174 ὁ
930 1134 1099 1175 Πασίων
1115 1135 1255 1175 ἕνδεκα
1268 1134 1460 1181 τάλαντα,
1483 1136 1620 1188 ὥσπερ
1640 1156 1678 1189 15

281 1204 344 1244 καὶ
368 1203 658 1256 μεμαρτύρηται
685 1204 788 1253 ὑμῖν.

343 1268 423 1311 Ὂν
446 1272 518 1321 μὲν
537 1270 668 1310 τοίνυν
692 1270 838 1321 τρόπον
864 1269 887 1320 ἡ
907 1269 1105 1321 μίσθωσις
1130 1268 1303 1322 ἐγένετο,
1328 1269 1620 1322 μεμαρτύρηται

232 1293 251 1325 Nl

281 1338 373 1388 ὑμῖν
397 1336 461 1378 ὑπ’
480 1337 598 1377 αὐτοῦ
616 1340 684 1376 τοῦ
704 1336 1007 1387 ἐπικαθημένου·
1045 1336 1328 1389 ἐπιγενομένης
1347 1336 1379 1376 δ’
1397 1336 1620 1388 ἀρρωστίας

281 1408 334 1459 τῷ
374 1404 558 1444 Πασίωνι
586 1405 686 1455 μετὰ
719 1407 851 1449 ταῦτα,
893 1403 1097 1455 σκέψασθ’
1126 1404 1151 1444 ἃ
1179 1403 1346 1444 διέθετο.
1405 1405 1513 1454 λαβὲ
1549 1405 1619 1453 τῆς

281 1470 466 1522 διαθήκης
490 1470 534 1510 τὸ
560 1470 807 1523 ἀντίγραφον
835 1470 897 1511 καὶ
923 1470 994 1521 τὴν
1019 1471 1243 1521 πρόκλησιν
1273 1470 1435 1521 ταυτηνὶ
1460 1469 1524 1511 καὶ
1548 1471 1620 1523 τᾲς
1641 1491 1681 1511 20

280 1539 493 1591 μαρτυρίας
517 1535 713 1588 ταυτασίῖ,
742 1537 833 1590 παρ’
860 1539 918 1579 οἶς
943 1540 983 1579 αἶ
1009 1540 1191 1588 διαθῆκαι
1217 1534 1390 1589 κεῖνται].

565 1662 763 1689 ΔῙΑΘΗΚΗ.
814 1662 1059 1691 ΠΡΟΚΛΗΣῙΣ.
1108 1663 1335 1690 ΜΑΡΤΎῬῙΑῙ.

231 1739 250 1771 8
348 1730 512 1781 Ἐπειδὴ
534 1730 665 1771 τοίνυν
691 1731 711 1769 ὁ
730 1731 897 1771 Πασίων
918 1731 1208 1781 ἐτετελευτήκει
1234 1735 1357 1771 ταῦτα
1376 1731 1616 1783 διαθέμενος,

282 1797 469 1849 Φορμίων
499 1799 636 1838 οὑτοσὶ
667 1797 738 1848 τὴν
774 1800 847 1848 μὲν
872 1802 1037 1850 γυναῖκα
1071 1798 1273 1849 λαμβάνει
1307 1800 1405 1839 κατὰ
1437 1798 1509 1848 τὴν
1534 1802 1615 1839 δια-

283 1863 417 1914 θήκην,
445 1864 514 1905 τὸν
533 1867 575 1905 δὲ
601 1864 706 1905 παῖδ’
725 1865 998 1916 ἐπετρόπευεν.
1061 1865 1303 1917 ἁρπάζοντος
1329 1868 1371 1906 δὲ
1390 1865 1530 1906 τούτου
1555 1866 1618 1907 καὶ
1640 1885 1677 1916 25

283 1931 401 1971 πόλλ’
423 1931 499 1971 ἀπὸ
521 1935 659 1972 κοινῶν
686 1933 808 1971 ὄντων
835 1937 913 1972 τῶν
938 1932 1151 1985 χρημάτων
1177 1934 1412 1973 ἀναλίσκειν
1438 1932 1618 1983 οἰομένου

325 2052 343 2078 4
370 2054 479 2082 εγγιος
499 2040 535 2071 S¹
715 2051 733 2080 5
758 2041 876 2084 ταύτῃἹ,
896 2042 1019 2080 ταύτην
1035 2041 1067 2071 Α
1244 2044 1264 2072 6
1287 2045 1367 2074 ἴδιον
1383 2043 1462 2073 secl.
1482 2042 1617 2082 Sandys

280 2086 343 2124 6—7
370 2085 424 2116 οὖν
441 2108 448 2115 .
469 2109 475 2116 .
496 2108 502 2115 .
522 2084 695 2116 ταλάντοις
721 2095 786 2114 om.
803 2085 845 2124 A,
858 2085 939 2116 secl.
961 2085 1069 2124 Blass‚
1089 2086 1148 2115 sed
1168 2085 1207 2116 cf.
1226 2085 1260 2116 iii
1282 2096 1330 2124 10,
1353 2086 1398 2116 xli
1416 2096 1446 2124 3.
1465 2087 1558 2116 xlviii
1577 2098 1615 2124 4:

282 2128 336 2160 οὖν
360 2139 424 2166 ego
449 2128 572 2159 seclusi
642 2139 662 2166 9
687 2129 787 2165 αὐτὴν
809 2128 856 2158 S:
885 2129 986 2167 αὐτὴν
1007 2130 1067 2167 τὴν
1092 2128 1146 2158 A:
1182 2128 1305 2167 ταύτην
1330 2130 1392 2167 τὴν
1415 2130 1505 2168 vulg.
1577 2140 1616 2161 10

282 2172 457 2210 λαμβάνων
481 2171 561 2202 secl.
590 2171 689 2202 Blass
714 2170 789 2202 coll.
818 2174 833 2209 ξ
863 2182 900 2210 13
1011 2182 1047 2208 14
1072 2172 1257 2213 προειμένος
1277 2171 1390 2203 Wolf:
1414 2178 1615 2213 προειεμειός

284 2215 330 2245 S:
355 2215 537 2255 προιέμενος
556 2214 644 2253 vulg.
784 2224 820 2253 15
845 2216 885 2246 τὰ
903 2215 1015 2246 ἕνδεκα
1038 2215 1069 2245 Α
1218 2217 1256 2245 18
1280 2220 1359 2254 post
1384 2216 1614 2255 ἐπικαθημένου

283 2259 359 2288 add.
387 2260 435 2290 ἐπὶ
459 2261 499 2301 τῇ
524 2257 664 2299 τραπέζῃ
682 2259 771 2297 vulg.
791 2270 797 2288 :
823 2268 887 2288 om.
909 2258 932 2288 S
946 2258 976 2288 A
1139 2269 1180 2288 20
1204 2261 1337 2297 ταυτηνὶ
1356 2259 1444 2298 vulg.
1462 2270 1469 2289 t
1493 2259 1616 2297 ταύτην

284 2301 308 2331 S
322 2302 362 2339 Α,
381 2301 416 2331 cf
443 2305 458 2338 ξ
477 2312 520 2340 40
661 2311 701 2331 21
728 2301 846 2333 ταύτας
864 2302 893 2331 Α
1036 2303 1108 2342 παρ’
1127 2327 1133 2333 .
1153 2326 1160 2333 .
1178 2326 1184 2331 .
1204 2305 1324 2334 κεῖνται
1341 2302 1421 2333 secl.
1443 2302 1616 2333 Huettner

283 2355 324 2375 22
349 2345 553 2385 ΔῙΑΘΗΚΗ]
573 2345 770 2385 ἀντίγραφον
788 2344 864 2381 SA,
883 2345 942 2375 sed
959 2344 1000 2376 cf.
1019 2345 1180 2375 Aeschin.
1199 2345 1208 2374 i
1226 2355 1284 2384 115
1410 2355 1451 2384 24
1476 2346 1530 2376 alt.
1553 2347 1616 2384 τὴν

284 2400 345 2420 om.
368 2389 392 2419 F
409 2389 438 2427 Q
453 2389 481 2417 D
615 2390 657 2418 26
682 2392 794 2420 κοινῶν
808 2388 910 2419 ὄντων
926 2391 990 2420 τῶν
1008 2388 1032 2419 S
1044 2389 1093 2418 A:
1119 2392 1233 2420 κοινῶν
1249 2392 1313 2421 τῶν
1328 2388 1417 2428 vulg,
1436 2389 1478 2420 cf.
1497 2391 1513 2425 ξ
1531 2399 1573 2428 39
