1685 2772
69 128 223 185 xxx111]
422 134 590 173 ΠΡΟΣ
637 135 1047 173 AHATOTPION
1442 122 1562 178 [901]

66 267 115 301 με
141 249 251 299 δίκην
276 251 410 290 δοῦναι
436 251 469 290 εἰ
494 249 771 302 ἠγγυησάμην,
794 250 901 289 ἀλλὰ
920 249 1096 301 μάρτυρά
1120 251 1189 301 μοί
1211 255 1315 302 φημι
1338 252 1406 290 τὸν

67 317 190 367 νόμον
221 315 321 356 εἶναι
359 320 427 356 τοῦ
454 316 506 368 μὴ
535 316 811 369 ἐγγυήσασθαι
840 316 903 356 καὶ
938 316 1056 357 αὐτὸν
1090 320 1244 356 τοῦτον·
1283 317 1403 356 ἐδεδί-

69 399 192 423 καστο
218 384 293 435 γὰρ
318 382 367 424 ἄν
390 400 457 434 μοι
481 385 551 434 τῆς
577 385 721 437 ἐγγύης
747 385 789 424 ἐν
820 388 872 438 τῷ
903 384 1032 437 χρόνῳ
1063 387 1115 438 τῷ
1148 385 1188 424 ἐν
1219 387 1272 437 τῷ
1299 383 1404 437 νόμῳ

66 449 338 505 γεγραμμένῳ·

664 573 822 602 ΝΟΜΟΣ.

133 648 316 690 Γενέσθω
342 651 474 690 τοίνυν
499 651 564 691 καὶ
597 653 710 690 τοῦτο
734 652 827 701 ὑμῖν
851 649 1059 702 τεκμήριον
1085 653 1153 690 τοῦ
1175 650 1401 702 ψεύδεσθαι
1433 655 1477 688 28

65 715 341 768 Ἀπατούριον·
380 718 413 757 εἰ
433 719 507 769 γὰρ
523 717 787 769 ἠγγυησάμην
803 718 882 769 ἐγὼ
897 718 1020 772 τούτῳ
1038 717 1107 757 τὸν
1124 717 1398 769 Παρμένοντα,

65 783 134 823 οὐκ
154 784 267 824 ἔστιν
287 785 392 825 ὅπως
417 784 541 839 τούτῳ
560 787 632 835 μὲν
651 786 749 837 ὑπὲρ
769 784 918 824 ἐκείνου
938 785 1188 837 ἀπηχθόμην,
1211 785 1401 836 πρόνοιαν

67 850 300 901 ποιούμενος
339 852 444 892 ὅπως
479 851 531 902 μὴ
570 853 716 892 ἀπολεῖ
743 852 767 891 ἃ
801 851 848 891 δι’
880 853 974 902 ἐμοῦ
1003 851 1124 906 τούτῳ
1157 850 1397 901 συνέβαλεν,

7 933 46 956 10
65 916 182 959 αὐτὸς
223 916 257 957 δ’
299 917 469 968 ἐμαυτὸν
507 921 706 970 περιεῖδον
743 917 791 959 ἂν
828 917 894 959 ὑπ’
935 918 1084 959 ἐκείνου
1125 918 1223 969 πρὸς
1264 921 1400 958 τοῦτον

5 1265 42 1299 15

65 985 108 1024 ἐν
142 984 264 1040 ἐγγύῃ
298 986 648 1036 καταλειπόμενον.
719 987 807 1025 τίνα
832 987 908 1037 γὰρ
933 986 1076 1025 ἐλπίδα
1105 984 1230 1038 ἔσχον
1261 989 1399 1025 τοῦτον

64 1050 381 1103 ἀποσχήσεσθαί
408 1068 496 1102 μου,
529 1052 572 1092 ὃν
603 1052 717 1094 αὐτὸς
750 1051 987 1103 ἠναγκάκειν
1021 1053 1155 1105 ἐκείνῳ
1188 1053 1236 1091 τὰ
1271 1052 1401 1091 δίκαια

65 1120 261 1168 ποιῆσαι,·
311 1118 375 1158 καὶ
408 1118 478 1168 τὴν
512 1119 660 1171 ἐγγύην
694 1118 812 1159 αὐτὸν
844 1118 1062 1171 εἰσπράξας
1094 1118 1165 1169 τὴν
1197 1121 1292 1170 πρὸς
1328 1118 1400 1168 τὴν

63 1183 259 1236 τράπεζαν
285 1185 382 1237 πρὸς
408 1185 638 1240 ἀπέχθειαν,
664 1187 706 1226 τί
727 1186 983 1238 προσεδόκων
1010 1185 1086 1225 ὑπὸ
1115 1186 1254 1226 τούτου
1284 1184 1399 1227 αὐτὸς

63 1253 295 1299 πείσεσθαι,·

124 1317 266 1369 Ἀξιον
291 1320 423 1360 τοίνυν
445 1319 508 1359 καὶ
535 1319 639 1359 τοῦτ’
664 1320 940 1371 ἐνθυμηθῆναι,
974 1317 1003 1359 ίῗ)
1031 1318 1169 1371 ἄνδρες
1199 1320 1394 1365 δικασταί,
1429 1330 1473 1365 29

62 1385 123 1425 ὅτι
146 1386 215 1425 οὐκ
240 1385 289 1426 ἄν
318 1403 416 1427 ποτε
445 1385 606 1437 ἔξαρνος
635 1387 841 1438 ἐγενόμην,
870 1388 904 1427 εἶ
932 1385 1152 1439 ἠγγυήμην·
1189 1386 1292 1427 πολὺ
1322 1388 1398 1438 γὰρ

63 1453 84 1491 ὁ
107 1453 230 1504 λόγος
254 1452 302 1503 ἦν
326 1470 392 1503 μοι
417 1453 673 1505 ἰσχυρότερος
698 1454 958 1505 ὁμολογοῦντι
977 1452 1048 1503 τὴν
1068 1453 1214 1505 ἐγγύην
1238 1453 1302 1493 ἐπὶ
1327 1455 1396 1494 τὰς

63 1518 260 1569 συνθήκας
286 1519 398 1566 ἰέναι,
432 1519 515 1559 καθ’
546 1521 590 1561 ἃς
621 1520 644 1570 ἡ
675 1520 867 1571 ἐπιτροπὴ
898 1520 1069 1572 ἐγένετο.
1131 1522 1191 1559 ὅτι
1218 1522 1290 1570 μὲν
1320 1521 1395 1571 γὰρ

61 1586 192 1637 τρισὶν
217 1586 417 1638 ἐπετράπη
443 1589 670 1637 διαιτηταῖς,
691 1587 981 1639 μεμαρτύρηται
999 1588 1102 1638 ὑμῖν·
1145 1588 1263 1627 ὁπότε
1283 1589 1324 1626 δὲ
1343 1586 1394 1637 μὴ

63 1652 261 1704 ἔγνωσται
290 1653 367 1693 ὑπὸ
397 1657 474 1693 τῶν
508 1657 637 1705 τριῶν,
669 1655 711 1694 τί
735 1654 983 1705 βουλόμενος
1015 1654 1213 1705 ἠρνούμην
1246 1652 1294 1693 ἂν
1325 1653 1396 1702 τὴν
1426 1650 1554 1705 [902]

63 1719 229 1771 ἐγγύην,·
266 1719 319 1770 μὴ
344 1721 420 1772 γὰρ
439 1720 654 1772 γενομένης
672 1723 741 1770 τῆς
758 1721 947 1772 γνώσεως
968 1722 1064 1760 κατὰ
1089 1723 1156 1762 τὰς
1184 1718 1392 1770 συνθήκας,

62 1785 142 1826 οὐδ’
167 1785 215 1826 ἂν
242 1787 319 1838 ἐγὼ
344 1789 413 1837 τῆς
440 1787 583 1839 ἐγγύης
606 1787 790 1829 ὑπόδικος
815 1786 875 1837 ἧν.
935 1788 1039 1828 ὥστε
1064 1787 1133 1827 οὐκ
1158 1787 1205 1827 ἄν
1229 1803 1338 1832 ποτε,
1366 1785 1395 1826 ὦ

62 1852 198 1905 ἄνδρες
238 1855 433 1899 δικασταί,
465 1855 698 1906 παραλιπὼν
733 1854 804 1904 τὴν
838 1853 962 1895 οὖσάν
994 1871 1060 1905 μοι
1095 1855 1329 1906 ἀπολογίαν,
1361 1855 1395 1894 εἰ

62 1918 337 1971 ἠγγυησάμην,
366 1920 428 1960 ἐπὶ
453 1920 497 1960 τὸ
522 1921 728 1972 ἀρνεῖσθαι
754 1919 891 1971 ἦλθον.

129 1985 259 2026 Ἀλλὰ
282 1986 360 2037 μὴν
384 1987 446 2026 καὶ
472 1991 587 2026 τοῦτο
612 1988 903 2039 μεμαρτύρηται
927 1988 1029 2038 ὑμῖν,
1051 1988 1110 2027 ὅτι
1131 1986 1263 2037 ἐπειδὴ
1283 1986 1386 2039 ἠφα-
1423 2002 1468 2036 30

61 2053 260 2102 νίσθησαν
285 2055 324 2094 αἱ
345 2056 536 2103 συνθῆκαι
554 2053 630 2093 ὑπὸ
649 2054 810 2100 τούτων,
833 2053 991 2104 ἐζήτουν
1011 2053 1144 2106 ἑτέρας
1162 2053 1390 2106 γράφεσθαι

106 2163 128 2191 6
152 2163 227 2202 ἡμῖν
246 2163 269 2193 S
360 2173 376 2201 7
397 2168 430 2193 et
447 2172 488 2202 25
513 2163 729 2204 ἠγγυησάμην
747 2163 790 2196 S:
818 2163 1042 2205 ἐνεγυησάμην
1062 2162 1130 2203 (vel
1149 2162 1274 2204 ἐνεγγ.)
1299 2163 1388 2201 vulg.

62 2206 83 2235 8
107 2205 299 2246 ἀπηχθόμην
318 2206 342 2237 S
359 2217 365 2236 τ
391 2206 623 2247 ἀπηχθανόμην
640 2206 729 2246 vulg.
858 2218 879 2246 9
902 2207 1006 2247 τούτῳ
1024 2217 1088 2237 om.
1105 2206 1136 2236 A
1257 2216 1296 2236 10
1322 2206 1389 2246 ὑπ’]

64 2248 142 2289 ὑπὲρ
159 2249 190 2278 Α
334 2259 372 2288 13
396 2251 472 2291 πρὸς
490 2252 550 2287 τὴν
569 2250 592 2280 S
606 2249 655 2280 A:
682 2251 725 2282 εἷς
742 2252 802 2289 τὴν
819 2252 907 2290 vulg.
1056 2251 1095 2280 16
1118 2250 1226 2281 τοίνυν
1244 2249 1308 2280 SA
1325 2260 1332 2279 ε
1356 2249 1391 2280 δὲ

63 2292 152 2331 vulg.
366 2303 403 2332 17
429 2292 601 2334 ἠγγυήμην
619 2293 719 2324 Dind.
735 2306 740 2324 τ
767 2295 976 2335 ἐγγεγυήμην
994 2293 1018 2323 S
1034 2305 1041 2324 :
1066 2293 1285 2334 ἐνεγεγυήμην
1301 2292 1390 2331 vulg.

66 2345 105 2373 19
130 2335 165 2367 ἃς
183 2335 206 2366 S
221 2335 252 2366 A
268 2348 275 2367 τ
300 2336 335 2369 ἃς
352 2338 402 2368 καὶ
419 2337 507 2375 vulg.
657 2346 696 2375 23
723 2338 786 2377 ἐγὼ
805 2337 828 2367 S
840 2337 871 2367 A
886 2350 892 2368 ;
920 2338 967 2369 ἔτι
984 2337 1072 2375 vulg.
1230 2347 1271 2374 24
1295 2349 1392 2377 παρα-

63 2379 184 2411 λείπων
201 2379 224 2410 S
358 2390 398 2418 25
423 2379 523 2417 ’ἧλθον
541 2379 564 2410 S
580 2391 586 2410 ε
613 2380 750 2418 ἀνῆλθον
766 2380 796 2410 Α
809 2380 839 2419 Q
854 2380 884 2410 D
899 2392 906 2411 :
931 2382 1073 2418 ἀπῆλθον
1091 2380 1125 2420 (ν
1141 2381 1240 2418 Sscr.)
1259 2379 1284 2410 F
