1685 2772
59 129 180 185 [820]

135 389 178 415 22

636 129 1132 168 ΔΗΜΟΣΘΕΝΟΎΣ
1403 123 1538 178 [xxvn

211 242 436 291 πεποίηκεν,
465 244 544 281 πῶς
579 240 648 280 οὐκ
675 241 760 294 ἔχει
788 239 859 290 τὴν
892 239 1092 292 πρόσοδον
1123 241 1230 279 δυοῖν
1261 239 1364 279 ἐτοῖν
1391 237 1464 288 τὴν
1495 239 1537 279 ἐκ

210 311 279 348 τοῦ
309 309 583 360 ἐργαστηρίου,
615 310 685 350 τὰς
718 306 926 359 τριάκοντα
958 309 1071 358 μνᾶς,
1098 309 1279 358 φανερῶς
1310 306 1432 347 οὕτως
1459 308 1539 346 τῶν

210 374 337 427 ἔργων
361 374 655 427 γεγενημένων;
697 376 729 415 εἰ
764 374 796 414 δ’
822 374 870 414 αῧ
901 374 1049 414 τούτων
1078 375 1151 424 μὲν
1179 375 1301 423 μηδὲν
1338 373 1429 423 ἐρεῖ,
1459 374 1538 412 Μι-

209 441 307 482 λύαν
333 441 366 481 δ’
392 441 489 482 αὐτὰ
515 441 639 494 φήσει
666 441 793 482 πάντα
823 439 1067 495 διῳκηκέναι,
1099 443 1181 481 πῶς
1212 438 1287 492 χρὴ
1320 438 1537 486 πιστεύειν,

209 509 303 548 ὅταν
342 514 400 565 φῇ
439 511 487 548 τὰ
527 511 599 559 μὲν
642 507 869 559 ἀναλώματ’
908 507 1024 549 αὐτὸς
1059 506 1319 557 ἀνηλωκέναι,
1355 505 1480 546 πλέον
1515 501 1577 556 ἢ5

209 576 471 617 πεντακοσίας
496 575 686 629 δραχμάς,
708 578 846 626 λῆμμα
870 574 902 614 δ’
929 576 965 614 εἴ
981 591 1019 614 τι
1036 573 1215 626 γέγονεν,
1237 574 1386 613 ἐκεῖνον
1411 572 1538 625 ἕχειν,·

209 643 296 692 ἐμοὶ
319 644 390 692 μὲν
417 645 490 694 γὰρ
520 645 628 683 δοκεῖ
662 642 893 682 τούναντίον
926 641 974 681 ἂν
1005 640 1194 693 γενέσθαι
1228 640 1389 685 τούτων,
1417 640 1450 680 εἰ
1476 639 1539 680 καὶ

211 710 366 751 Μιλύας
391 709 518 749 αὐτῶν
547 711 794 760 ἐπεμελεῖτο,
824 711 871 749 τὰ
904 711 976 759 μὲν
1012 706 1236 758 ἀναλώματ’
1265 708 1410 749 ἐκεῖνος
1443 706 1537 747 ἀνα-

207 779 349 822 λῶσαι,
376 778 422 816 τὰ
448 778 488 817 δὲ
512 775 685 827 λήμμαθ’
717 777 829 817 οὗτος
853 778 1011 826 λαβεῖν,
1039 776 1076 815 εἴ
1102 791 1139 815 τι
1169 777 1229 815 δεῖ
1259 775 1540 826 τεκμαίρεσθαι

207 843 303 896 πρὸς
328 842 395 883 τὸν
420 843 547 884 ἄλλον
571 844 689 884 αὐτοῦ
716 844 863 896 τρόπον
890 843 952 883 καὶ
977 841 1048 893 τὴν
1069 842 1279 883 ἀναίδειαν.
1348 840 1446 893 λάβ’
1471 841 1539 882 οὖν
1560 854 1599 877 10

207 911 276 952 τὰς
299 911 510 963 μαρτυρίας
534 911 687 958 ταύτας,
721 911 784 951 καὶ
809 909 1004 963 ἀνάγνωθ’
1029 910 1171 951 αὐτοῖς.

759 1047 985 1075 MAPTTPIAI.

271 1119 426 1161 Ταύτας
449 1121 581 1160 τοίνυν
604 1120 687 1173 ἔχει
711 1119 920 1171 τριάκοντα
944 1121 1043 1170 μνᾶς
1072 1119 1151 1159 ἀπὸ
1175 1121 1244 1159 τοῦ
1260 1120 1533 1171 ἐργαστηρίου,

206 1186 268 1226 καὶ
292 1185 337 1225 τὸ
361 1186 477 1238 ἔργον
502 1187 628 1227 αὐτῶν
653 1187 752 1226 ὀκτὼ
789 1188 899 1226 ἐτῶν·
938 1185 958 1225 ὃ
995 1186 1042 1226 ἂν
1079 1187 1143 1227 ἐπὶ
1173 1189 1327 1243 δραχμῇ
1355 1203 1413 1227 τις
1449 1189 1536 1243 τιθῇ

175 1262 178 1265 “
203 1253 338 1302 μόνον,
366 1252 493 1295 ἄλλας
517 1253 725 1306 τριάκοντα
754 1255 852 1303 μνᾶς
879 1252 1050 1304 εὑρήσει.
1125 1254 1187 1293 καὶ
1218 1256 1339 1293 ταῦτα
1361 1255 1434 1303 μὲν
1459 1254 1537 1307 ἰδίᾳ
1559 1269 1595 1300 15

63 1718 171 1773 [821]

203 1320 321 1370 μόνος
341 1321 520 1372 εἴληφεν·
564 1321 588 1360 ἃ
614 1319 852 1361 συντεθέντα
872 1319 967 1372 πρὸς
986 1320 1057 1370 τὴν
1080 1323 1222 1372 προῖκα
1245 1319 1423 1370 μάλιστα
1447 1319 1533 1360 τέτ-

204 1402 302 1437 ταρα
333 1386 509 1427 τάλαντα
532 1389 711 1440 γίγνεται
732 1386 806 1427 σὺν
831 1389 913 1428 τοῖς
943 1388 1133 1440 ἀρχαίοις.
1208 1387 1231 1426 ἃ
1256 1388 1297 1426 δὲ
1328 1388 1426 1436 μετὰ
1457 1390 1536 1427 τῶν

204 1452 340 1494 ἄλλων
357 1454 576 1506 ἐπιτρόπων
594 1455 701 1510 κοινῇ
721 1452 946 1505 διήρπακεν,
971 1455 1033 1494 καὶ
1051 1453 1115 1493 ὅσ’
1133 1455 1217 1495 ἔνια
1235 1455 1332 1505 μηδὲ
1354 1459 1532 1495 καταλει-

205 1522 353 1572 φθῆναι
371 1521 625 1562 παντάπασιν
652 1520 981 1573 ἠμφεσβήτηκεν,
1008 1520 1116 1561 ταῦθ’
1140 1522 1231 1572 ὑμῖν
1255 1520 1326 1572 ἤδη
1353 1520 1534 1572 ἐπιδείξω

203 1587 287 1626 καθ’
313 1588 494 1628 ἕκαστον.
566 1592 721 1640 πρῶτον
758 1591 830 1639 μὲν
861 1589 928 1630 οῧν
958 1589 1046 1642 περὶ
1079 1593 1156 1629 τῶν
1191 1593 1440 1636 κλινοποιῶν,
1469 1590 1535 1631 οὓς
1556 1609 1596 1631 20

203 1653 412 1695 κατέλιπεν
445 1657 517 1705 μὲν
550 1656 570 1694 ὁ
595 1655 734 1708 πατήρ,
770 1657 1007 1709 ἀφανίζουσι
1038 1656 1070 1696 δ’
1096 1657 1214 1702 οὗτοι,
1247 1656 1535 1709 τετταράκοντα

201 1723 273 1771 μὲν
301 1726 409 1772 μνῶν
437 1723 727 1774 ὑποκειμένους,
757 1727 884 1765 εἴκοσι
925 1724 957 1763 δ’
994 1726 1111 1765 ὄντας
1146 1724 1214 1764 τὸν
1245 1725 1420 1776 ἀριθμόν,
1448 1727 1530 1766 ἐπι-

202 1787 315 1839 δείξω
340 1790 429 1839 ὑμῖν
462 1790 512 1832 ὡς
545 1792 637 1831 λίαν
674 1793 839 1833 ἀναιδῶς
881 1792 943 1832 καὶ
974 1795 1153 1843 φανερῶς
1185 1792 1226 1843 μ’
1252 1792 1533 1844 ἀποστεροῦσι.

201 1855 361 1897 τούτους
375 1858 450 1908 γὰρ
464 1861 779 1911 καταλειφθῆναι
794 1861 866 1909 μὲν
893 1860 990 1899 οἴκοι
1011 1858 1100 1912 παρ’
1119 1860 1211 1910 ἡμῖν
1227 1858 1371 1901 πάντες
1391 1860 1531 1910 ὁμολο-

200 1924 351 1974 γοῦσιν,
380 1924 441 1963 καὶ
465 1926 532 1965 τὰς
559 1926 709 1966 δώδεκα
738 1928 836 1976 μνᾶς
862 1925 1030 1966 ἑκάστου
1053 1930 1121 1966 τοῦ
1139 1928 1316 1967 ἐνιαυτοῦ
1340 1931 1392 1981 τῷ
1417 1931 1533 1978 πατρὶ
1554 1941 1592 1973 25

200 1990 414 2041 γίγνεσθαί
452 1996 592 2044 φασιν·
648 1992 756 2032 αὐτοὶ
795 1995 836 2033 δὲ
886 1995 1023 2044 λῆμμα
1058 1995 1131 2044 μὲν
1178 1993 1268 2045 παρ’
1317 1993 1443 2033 αὐτῶν
1491 1994 1534 2033 ἐν

200 2055 276 2096 δέκ’
303 2056 434 2098 ἔτεσιν
466 2060 579 2100 οὐδὲν
606 2059 692 2110 ἐμοὶ
718 2059 982 2112 γεγενημένον
1008 2061 1301 2112 ἀποφαίνουσιν
1327 2059 1418 2100 ἀλλ’
1445 2059 1533 2100 οὐδὲ

246 2177 264 2197 2
288 2168 345 2200 τὰς
364 2178 429 2200 om.
453 2168 478 2199 F
567 2179 587 2208 3
612 2168 702 2201 οὐδὲν
721 2168 752 2199 Α
838 2179 878 2200 10
903 2171 998 2201 αὐτοῦ
1014 2180 1078 2201 om.
1097 2170 1146 2208 8¹,
1165 2170 1240 2201 add.
1261 2180 1302 2201 m.
1322 2174 1391 2201 ant.
1494 2179 1533 2200 12

200 2214 403 2244 ΜΑΡΤὙΡΙΑ
421 2212 444 2243 S
581 2222 619 2251 13
645 2213 713 2253 ἔχει
731 2217 806 2252 post
822 2215 901 2252 μνᾶς
918 2213 1011 2252 ponit
1027 2213 1058 2243 A
1190 2215 1246 2245 τὰς
1265 2218 1345 2244 ante
1360 2212 1534 2255 τριάκοντα

202 2255 278 2285 add.
297 2254 327 2284 A
344 2255 384 2285 F:
411 2266 474 2286 om.
497 2255 520 2286 S
658 2265 696 2295 15
721 2257 824 2288 ἄλλας
843 2259 920 2294 ὁμοῦ
939 2257 1112 2297 τριάκοντα
1129 2256 1155 2287 F
1298 2265 1336 2295 15
1360 2258 1409 2288 καὶ
1426 2281 1431 2286 .
1446 2280 1473 2288 ..
1492 2257 1533 2286 16

205 2300 336 2338 εἴληφεν
353 2304 430 2337 post
455 2300 599 2340 ἀρχαίοις
617 2299 688 2341 (17)
707 2304 832 2339 transp.
853 2300 1047 2330 Buerrnann
1191 2310 1230 2338 19
1255 2300 1396 2341 ἐπιδείξω
1419 2302 1478 2337 ἤδη
1499 2299 1531 2329 Α

204 2352 247 2372 20
269 2342 353 2382 καθ’]
381 2341 447 2374 καθ’
476 2342 510 2374 ἓν
534 2342 559 2372 F
685 2352 723 2372 21
750 2342 810 2382 μὲν
832 2353 896 2373 om.
924 2343 947 2373 S
962 2343 996 2381 F,
1017 2344 1076 2374 sed
1094 2344 1134 2374 cf.
1161 2342 1244 2374 Isae.
1268 2343 1302 2373 xi
1329 2353 1369 2381 43
1490 2352 1531 2373 22

203 2385 262 2425 μὲν
279 2396 342 2416 orn.
363 2385 392 2415 A
527 2397 566 2425 27
591 2386 683 2418 οὐδὲν
700 2386 764 2417 del.
786 2386 998 2417 Herwerden
