1685 2772
132 103 220 159 xxx]
521 106 683 145 ΠΡΟΣ
727 106 1027 144 ΟΝΗΤΟΡΑ
1075 106 1109 143 Α

129 221 308 259 τοιοῦτον
347 216 613 269 συνάλλαγμα
654 217 888 267 ποιούμενος
928 216 1155 268 ἀμαρτύρως
1195 214 1244 256 ἂν
1284 215 1464 268 ἔπραξεν·

130 287 238 326 ἀλλὰ
275 288 353 325 τῶν
391 284 578 324 τοιούτων
617 284 732 324 ἕνεκα
771 283 832 324 καὶ
869 282 1017 336 γάμους
1052 286 1240 334 ποιοῦμεν
1277 283 1338 323 καὶ
1376 283 1466 324 τοὺς

132 350 463 405 ἀναγκαιοτάτους
488 354 803 403 παρακαλοῦμεν,
831 351 892 390 ὅτι
922 350 967 390 οὐ
994 349 1204 403 πάρεργον,
1232 349 1322 389 ἀλλ’
1349 350 1462 390 ἀδελ-

132 422 220 472 φῶν
245 419 309 459 καὶ
335 418 557 471 θυγατέρων
582 419 696 470 βίους
723 418 1005 472 ἐγχειρίζομεν,
1032 418 1130 469 ὑπὲρ
1156 417 1211 458 ὧν
1232 418 1304 459 τὰς
1328 417 1463 470 ἀσφα-

92 500 110 532 5
130 489 242 528 λείας
264 485 443 538 μάλιστα
468 489 704 536 σκοποῦμεν.
777 484 880 527 εἰκὸς
909 484 1042 525 τοίνυν
1066 484 1129 525 καὶ
1158 486 1309 531 τοῦτον,
1336 484 1464 536 ὧνπερ

132 553 311 594 ἐναντίον
343 553 524 605 ὀφείλειν
557 553 821 605 ὡμολόγησεν
859 552 921 592 καὶ
952 555 1022 592 τὸν
1057 552 1175 592 τόκον
1208 552 1348 598 οἴσειν,
1385 555 1464 591 τῶν

130 621 258 661 αὐτῶν
285 620 435 660 τούτων
465 620 670 671 παρόντων
693 619 963 660 διαλύσασθαι
995 618 1093 671 πρὸς
1115 617 1321 671 ”Αφοβον,
1357 619 1465 670 ε’ίπερ

132 687 182 730 ὡς
207 688 365 738 ἀληθῶς
389 688 575 727 ἀπεδίδου
598 686 673 738 τὴν
694 685 822 739 προῖκ’
848 686 962 739 αὐτῷ.
1036 689 1176 726 τοῦτον
1199 687 1273 737 μὲν
1296 687 1372 738 γὰρ
1395 685 1465 725 τὸν

130 755 276 806 τρόπον
315 753 477 807 πράξας,
513 755 610 794 ὅλου
646 758 716 794 τοῦ
751 752 982 805 πράγματος
1017 752 1308 802 ἀπηλλάττετο,
1346 753 1464 803 μόνος

73 834 111 856 10
128 822 235 876 μόνῳ
255 820 289 861 δ’
309 820 530 866 ἀποδιδούς,
557 820 648 862 τοὺς
669 820 733 860 ἐπὶ
758 823 842 861 ταῖς
867 819 1097 871 ὁμολογίαις
1123 818 1464 871 παραγενομένους

131 888 182 930 ὡς
217 887 300 928 κατ’
336 888 572 939 ὀφείλοντος
608 887 656 927 ἂν
690 887 809 927 αὑτοῦ
843 886 1040 938 μάρτυρας
1075 887 1324 926 ὑπελείπετο.
1393 889 1463 926 νῦν

129 956 261 995 τοίνυν
300 954 391 996 τοὺς
427 956 499 1005 μὲν
537 955 652 994 ὄντας
694 954 859 995 οἰκείους
901 952 964 992 καὶ
1002 955 1189 1003 βελτίους
1228 953 1355 992 αὐτῶν
1393 952 1461 992 οὐκ

131 1021 315 1062 ἐδύναντο
347 1024 486 1062 πεῖσαι
517 1020 587 1070 τὴν
619 1019 748 1072 προῖκ’
776 1018 1067 1060 ἀποδεδωκέναι
1101 1021 1210 1072 σφᾶς
1236 1023 1457 1071 μαρτυρεῖν,

130 1088 284 1140 ἑτέρους
310 1087 341 1127 δ’
362 1089 395 1128 εἰ
420 1086 657 1140 παρέχοιντο
681 1085 877 1138 μάρτυρας
901 1089 1024 1137 μηδὲν
1041 1086 1150 1139 γένει
1173 1085 1458 1139 προσήκοντας,

71 1169 109 1202 15
129 1154 198 1195 οὐκ
227 1154 275 1195 ἂν
304 1153 462 1206 ἡγοῦνθ’
491 1155 589 1205 ὑμᾶς
617 1154 749 1196 αὐτοῖς
779 1154 993 1194 πιστεύειν.
1064 1153 1121 1194 ἔτι
1150 1152 1183 1194 δ’
1211 1153 1358 1206 ἁθρόαν
1389 1154 1462 1203 μὲν

130 1221 355 1274 φάσκοντες
387 1220 596 1262 δεδωκέναι
628 1220 698 1271 τὴν
723 1225 877 1273 προῖκα,
904 1220 1054 1277 ᾔδεσαν
1083 1221 1146 1260 ὅτι
1173 1219 1263 1262 τοὺς
1292 1220 1457 1272 ἀπενεγ-

130 1290 269 1329 κόντας
294 1287 447 1330 οἰκέτας
472 1286 745 1339 ἐξαιτήσομεν,
767 1288 834 1330 οὓς
850 1286 904 1339 μὴ
929 1286 1194 1340 γεγενημένης
1217 1289 1287 1337 τῆς
1311 1288 1461 1328 δόσεως

130 1358 372 1408 παραδοῦναι
404 1354 458 1407 μὴ
493 1354 692 1396 ’θέλοντες
725 1353 940 1408 ἠλέγχοντ’
969 1355 1030 1395 ἄν·
1069 1356 1102 1395 εἰ
1138 1354 1171 1394 δ’
1204 1353 1314 1394 αὐτοὶ
1348 1355 1461 1405 μόνοι

128 1423 236 1478 μόνῳ
259 1426 399 1462 τοῦτον
423 1421 492 1462 τὸν
509 1423 655 1474 τρόπον
674 1421 965 1463 ἀποδεδωκέναι
988 1421 1160 1474 λέγοιεν,
1188 1421 1367 1472 ἐνόμιζον
1392 1421 1460 1461 οὐκ

71 1504 111 1526 20
130 1488 465 1544 ἐλεγχθήσεσθαι.
538 1490 600 1529 διὰ
624 1493 737 1529 τοῦτο
761 1493 899 1529 τοῦτον
923 1487 1067 1529 εἵλοντ’
1091 1487 1139 1540 ἐξ
1161 1487 1334 1541 ἀνάγκης
1357 1488 1457 1540 ψεύ-

129 1559 271 1598 δεσθαι
301 1556 370 1597 τὸν
401 1556 560 1609 τρόπον.
619 1557 815 1598 τοιαύταις
843 1556 1001 1609 τέχναις
1026 1555 1089 1596 καὶ
1113 1555 1380 1608 πανουργίαις,
1408 1554 1460 1595 ὡς

130 1625 254 1665 ἁπλοῖ
266 1625 369 1665 τινὲς
384 1623 484 1664 εἶναι
499 1621 695 1672 δόξοντες,
707 1622 894 1675 ἡγοῦνται
907 1623 1050 1677 ῥαδίως
1062 1623 1160 1673 ὑμᾶς
1177 1620 1456 1673 ἐξαπατήσειν,

130 1692 267 1734 ἆπλῶς
298 1690 377 1731 οὐδ’
401 1690 450 1730 ἂν
472 1689 611 1742 μικρὸν
633 1691 730 1742 ὑπὲρ
758 1693 836 1730 τῶν
866 1690 1146 1742 διαφερόντων,
1175 1688 1267 1730 ἀλλ’
1291 1688 1342 1730 ὡς
1374 1688 1458 1728 οἶόν

129 1756 163 1798 τ’
185 1757 454 1810 ἀκριβέστατα
480 1755 710 1809 πράξαντες.
768 1759 874 1808 λαβὲ
902 1758 973 1800 τὰς
1002 1757 1213 1809 μαρτυρίας
1246 1755 1377 1797 αὐτοῖς
1404 1756 1459 1795 ὧν

72 1837 109 1870 25
131 1825 309 1865 ἐναντίον
332 1825 604 1876 ἀπεκρίναντο,
633 1824 696 1865 καὶ
719 1823 930 1876 ἀνάγνωθι.

682 2011 907 2039 ΜΑΡΤΤΡῙΑῙ.

199 2089 303 2141 Φέρε
333 2087 392 2138 δή,
419 2085 448 2127 ὦ
477 2086 614 2138 ἄνδρες
647 2086 842 2130 δικασταί,
875 2085 937 2125 καὶ
967 2084 1038 2134 τὴν
1069 2083 1223 2136 γυναῖχ’
1248 2084 1338 2133 ὑμῖν
1363 2083 1458 2122 ἀπο-

134 2154 247 2205 δείξω
263 2157 372 2210 λόγῳ
388 2156 461 2206 μὲν
478 2154 804 2199 ἀπολελοιπυῖαν,
823 2151 923 2206 ἔργῳ
941 2153 983 2192 δὲ
999 2153 1261 2191 συνοικοῦσαν
1274 2149 1460 2202 Ἀφόβῳ·

178 2275 198 2306 5
223 2263 417 2305 σκοποῦμεν]
437 2267 587 2303 ποιοῦμεν
604 2262 628 2293 S
645 2276 694 2303 Ὑρ.
879 2271 919 2292 10
943 2259 1110 2292 ἀποδιδούς
1126 2259 1150 2290 S
1163 2259 1194 2290 A
1209 2270 1216 2290 τ
1241 2256 1374 2291 ἀποδούς
1391 2256 1418 2288 F
1429 2256 1462 2288 D

137 2320 175 2348 14
198 2309 299 2350 μηδὲν
314 2309 363 2340 A:
389 2307 470 2348 μηδὲ
489 2308 511 2338 S
528 2319 534 2337 :
559 2317 624 2337 om.
642 2306 667 2336 F
683 2306 712 2335 D
851 2314 888 2343 15
912 2305 1099 2336 πιστεύσειν
1116 2303 1139 2334 S
1262 2312 1301 2341 19
1323 2302 1382 2333 τὸν
1393 2311 1461 2332 om.

136 2352 175 2384 S¹
288 2351 520 2384 ἀποδεδωκέναι
538 2350 572 2389 S,
594 2349 633 2380 cf.
655 2352 670 2386 ξ
689 2359 753 2388 39:
779 2348 948 2380 δεδωκέναι
965 2347 1052 2386 vulg.
1188 2356 1227 2375 22
1252 2346 1398 2385 δόξοντες
1416 2343 1461 2376 S:

136 2397 282 2438 δόξαντες
300 2396 386 2435 vulg.
522 2405 563 2433 24
589 2391 795 2434 ἀκριβέστατ’
814 2393 852 2423 ἂν
868 2391 899 2420 Α
913 2391 938 2421 F
1069 2400 1109 2428 27
1136 2390 1277 2429 ἐπιδείξω
1293 2388 1325 2418 Α

1497 95 1624 150 [869]

1494 497 1536 520 22

1498 687 1616 742 [870]

1493 902 1535 936 23

1491 1502 1536 1536 24

1495 2096 1535 2133 25
