1685 2772
77 131 192 186 [99ss

72 668 194 777 [9923

150 1266 194 1300 26

152 2012 194 2046 27

654 141 1142 181 ΔΗΜΟΣΘΕΝΟΎΣ
1378 135 1560 191 [xxxvln

226 252 448 304 Ξενοπείθη
475 252 541 293 καὶ
567 253 820 307 Ναυσίμαχε,
841 255 874 293 εἶ
897 252 1041 305 μεγάλ’
1060 254 1150 302 ὑμῖν
1171 254 1234 294 καὶ
1252 252 1444 304 θαυμάστ’
1461 252 1561 294 εἶναι

223 322 273 361 τὰ
296 319 428 361 δίκαια
462 319 572 360 ταῦθ’
600 320 926 372 ὑπολαμβάνετε,
953 321 1168 361 ἀποδόντες
1194 322 1241 360 τὰ
1272 321 1359 373 τρία
1383 319 1563 362 τάλαντα

223 387 442 441 περαίνετε.
513 388 568 427 ὧν
607 389 649 428 δὲ
688 390 757 428 τοῦ
790 386 842 439 μὴ
881 389 1149 441 κατηγορῆσαι
1184 391 1358 428 τοσαῦτα
1391 386 1561 442 χρήματ’

225 454 468 507 ἐπράξασθε,
488 455 580 506 πρὶν
604 453 654 495 ἂν
678 454 788 496 ταῦτ’
813 456 1008 502 ἀποδῶτε,
1031 458 1188 495 σιωπᾶν
1207 456 1300 495 ἐστὲ
1319 456 1476 503 δίκαιοι,
1498 454 1562 496 καὶ

223 521 275 573 μὴ
316 525 551 575 κατηγορεῖν
589 521 653 562 καὶ
690 521 814 576 ἔχειν·
873 522 1050 576 ἔσχατον
1091 523 1168 575 γὰρ
1206 521 1278 573 ἤδη
1318 521 1562 576 πραγμάτων

223 588 340 629 τοῦτό
364 606 420 641 γε.

294 655 413 709 Τάχα
441 656 573 697 τοίνυν
603 658 701 697 ἴσως
735 655 798 697 καὶ
826 656 1083 710 τριηραρχίας
1119 657 1267 709 ἐροῦσι,
1305 656 1367 696 καὶ
1399 658 1448 696 τὰ
1478 655 1561 696 ὄνθ’

227 723 279 765 ὡς
304 723 560 774 ἀνηλώκασιν
593 725 648 765 εἰς
672 724 783 775 ὑμᾶς.
855 723 933 776 ἐγὼ
969 723 1002 764 δ’
1038 724 1099 764 ὅτι
1129 725 1203 776 μὲν
1233 724 1470 776 ψεύσονται,
1498 725 1562 764 καὶ

227 790 346 831 πόλλ’
377 791 680 832 ἀπολωλεκότες
709 794 790 832 τῶν
820 792 947 832 ὄντων
978 792 1122 837 αὑτοῖς,
1155 792 1275 843 μικρὰ
1304 793 1374 842 τῆς
1407 792 1562 833 πόλεως

225 859 524 911 μετειληφυίας,
554 858 599 898 οὐ
622 859 779 899 δικαίαν
802 857 894 899 οὐδὲ
920 857 1162 911 γιγνομένην
1197 857 1315 912 χάριν
1340 855 1562 908 ἀξιώσουσι

227 926 457 976 κομίζεσθαι
482 925 574 978 παρ’
598 927 718 977 ὑμῶν,
741 924 863 966 ἐάσω.
935 924 1030 975 ἀξιῶ
1055 927 1097 965 δὲ
1123 926 1185 966 καὶ
1212 924 1340 971 αὐτός,
1368 923 1398 965 ὦ
1424 924 1562 977 ἄνδρες

225 993 422 1039 δικασταί,
460 992 561 1033 εἶναι
594 997 677 1034 τοῖς
707 996 1000 1049 λῃτουργοῦσιν
1027 993 1120 1043 ὑμῖν
1151 992 1304 1034 ἅπασιν
1335 991 1456 1046 χάριν
1486 992 1562 1032 τιν’

224 1059 486 1114 ὑπάρχουσαν
517 1059 607 1111 παρ’
639 1061 759 1111 ὑμῶν.
829 1061 938 1100 τίσιν
974 1061 1016 1100 δὲ
1047 1059 1263 1112 μεγίστην;
1315 1063 1400 1101 τοῖς
1435 1058 1456 1099 ὃ
1487 1061 1562 1111 μὲν

224 1125 426 1180 χρήσιμον
443 1133 491 1184 τῇ
509 1128 625 1168 πόλει
642 1130 710 1167 τοῦ
729 1126 959 1179 πράγματός
978 1128 1066 1166 ἐστι
1083 1130 1279 1173 ποιοῦσιν,
1298 1124 1318 1166 ὃ
1336 1125 1369 1166 δ’
1387 1125 1563 1179 αἰσχρὸν

225 1194 397 1237 ἅπαντες
420 1194 470 1235 ἂν
497 1194 596 1234 εἶναι
623 1193 798 1246 φήσαιεν
826 1194 888 1233 καὶ
914 1195 1077 1239 ὄνειδος,
1104 1193 1156 1245 μὴ
1185 1192 1559 1243 κατασκευάζουσιν.

226 1263 360 1312 οἱμὲν
392 1262 524 1302 τοίνυν
555 1263 656 1313 μετὰ
689 1264 759 1301 τοῦ
783 1265 1020 1317 λῃτουργεῖν
1045 1262 1093 1300 τὰ
1127 1260 1291 1313 σφέτερ’
1323 1261 1452 1301 αὐτῶν
1481 1263 1559 1301 διε-

227 1328 447 1380 φθαρκότες
472 1328 544 1379 τὴν
568 1328 841 1381 βλασφημίαν
867 1328 955 1368 ἀντὶ
978 1330 1050 1378 τῆς
1072 1328 1209 1380 χρείας
1226 1333 1275 1384 τῇ
1300 1328 1417 1368 πόλει
1443 1344 1560 1368 κατα-

225 1397 437 1436 λείπουσιν
470 1394 611 1446 (οὐδεὶς
650 1397 725 1447 γὰρ
763 1394 878 1437 αὐτὸς
915 1396 1035 1435 αὑτοῦ
1071 1395 1345 1448 κατηγόρησεν
1385 1395 1560 1441 πώποτε,

228 1462 319 1502 ἀλλ’
353 1462 405 1504 ὡς
433 1463 456 1513 ἡ
489 1463 605 1503 πόλις
637 1464 685 1501 τὰ
716 1461 796 1502 ὄντ’
827 1460 1028 1518 ἀφῄρηται
1055 1459 1196 1514 λέγει)“
1236 1463 1273 1503 οἱ
1307 1461 1342 1501 δ’
1379 1463 1457 1501 ὅσα
1490 1464 1563 1513 μὲν

227 1528 488 1581 προστάττεθ’
525 1531 631 1580 ὑμεῖς
666 1532 870 1570 ποιοῦντες
906 1528 1128 1581 προθύμως,
1155 1534 1204 1586 τῇ
1236 1528 1326 1582 περὶ
1357 1529 1490 1568 τᾶλλα
1520 1531 1563 1569 δὲ

229 1597 472 1653 σωφροσύνῃ
499 1597 547 1636 τὰ
572 1598 667 1636 ὄντα
693 1594 902 1651 σῴζοντες,
928 1596 975 1636 οὐ
997 1596 1122 1648 μόνον
1146 1597 1248 1635 κατὰ
1269 1595 1376 1636 τοῦτ’
1404 1597 1564 1637 ἐκείνων

228 1667 506 1704 πλεονεκτοῖεν
542 1662 591 1703 ἂν
628 1664 800 1709 εἰκότως,
832 1664 894 1703 ὅτι
928 1663 990 1702 καὶ
1023 1663 1240 1715 γεγόνασιν
1270 1661 1466 1716 χρήσιμοι
1500 1662 1562 1703 καὶ

228 1731 403 1778 ἔσονται,
430 1730 524 1771 ἀλλ’
549 1732 609 1770 ὅτι
635 1731 698 1770 καὶ
713 1731 834 1784 χωρὶς
859 1731 1034 1772 ὀνείδους
1056 1733 1181 1770 ταῦτα
1203 1729 1296 1782 παρ’
1321 1729 1448 1770 αὐτῶν
1471 1730 1563 1780 ὑμῖν

227 1799 418 1850 γίγνεται.
487 1798 600 1849 ἡμεῖς
640 1799 715 1849 μὲν
760 1798 893 1838 τοίνυν
937 1800 1112 1837 τοιοῦτοι
1159 1798 1214 1839 εἷς
1254 1798 1353 1848 ὑμᾶς
1394 1796 1563 1837 ἅπαντες

227 1865 442 1916 φανούμεθ’
462 1867 584 1906 ὄντες·
621 1864 781 1907 τούτους
797 1864 830 1905 δ’
849 1863 970 1910 ε’άσω,
987 1863 1040 1916 μή
1060 1882 1109 1916 με
1128 1868 1264 1917 φῶσιν
1283 1868 1409 1906 κακῶς
1424 1864 1562 1905 αὑτοὺς

226 1931 373 1983 λέγειν.

294 1999 354 2038 Οὐ
382 1999 516 2039 τοίνυν
552 1998 793 2050 θαυμάσαιμ’
830 1998 892 2044 ἄν,
922 2000 955 2039 εἰ
988 2008 1050 2039 και
1081 1999 1259 2051 δακρύειν
1293 1999 1356 2038 καὶ
1386 1997 1562 2038 ἐλεινοὺς

228 2066 389 2108 ἑαυτοὺς
413 2069 606 2121 πειρῷντο
632 2070 771 2106 ποιεῖν.
841 2066 921 2118 ἐγὼ
948 2066 979 2105 δ’
1006 2065 1102 2116 ἀξιῶ
1129 2065 1225 2117 πρὸς
1250 2065 1357 2106 ταῦθ’
1380 2066 1559 2116 ὑπολαμ-

277 2185 290 2204 1
318 2175 394 2206 εἶναι
414 2180 489 2213 post
508 2177 578 2215 ὑμῖν
597 2175 704 2205 Bekk.
722 2174 854 2206 Anecd.
878 2186 947 2213 144.
965 2177 985 2205 8
1094 2185 1113 2214 5
1138 2177 1198 2213 ἤδη
1217 2175 1262 2205 S:
1288 2176 1326 2212 δὴ
1339 2173 1428 2213 vulg.
1490 2172 1492 2174 ’
1543 2185 1562 2214 7

230 2221 304 2249 ἴσως
321 2228 385 2248 om.
407 2219 431 2248 F
443 2219 472 2256 Q
562 2229 583 2257 9
607 2220 716 2250 πολλὰ
734 2219 758 2248 S
775 2230 782 2249 :
806 2220 847 2249 τὰ
865 2220 973 2250 πολλὰ
989 2218 1076 2256 vulg.
1186 2228 1222 2256 17
1247 2220 1289 2259 τῇ
1305 2218 1399 2249 πόλει
1417 2218 1487 2249 ἀντὶ
1503 2219 1562 2255 τῆς
1578 2215 1581 2217 ’

230 2261 339 2302 χρείας
356 2261 387 2291 Α
486 2272 525 2301 19
550 2261 726 2303 ἀφῄρηται]
744 2275 762 2304 ῃ
782 2262 815 2292 in
835 2272 899 2292 raS.
920 2262 943 2291 S
961 2273 968 2292 :
992 2263 1171 2303 ἀφαιρεῖται
1190 2261 1215 2291 F
1227 2261 1256 2298 Q
1361 2271 1402 2290 22
1427 2262 1466 2293 ἂν
1481 2264 1561 2291 ante

229 2306 313 2337 κατὰ
331 2305 367 2347 (l.
386 2305 455 2345 21),
476 2317 545 2336 non
562 2311 642 2336 ante
660 2305 792 2337 εἰκότως
807 2305 839 2334 Α
967 2316 1008 2344 24
1031 2308 1172 2337 τοιοῦτοι
1190 2306 1232 2336 εἰς
1250 2307 1329 2342 ὑμᾶς
1344 2304 1433 2343 vulg.
1451 2315 1459 2335 :
1484 2304 1559 2335 add.

230 2348 368 2381 ἅπαντες
386 2349 428 2379 S:
454 2351 496 2381 εἷς
509 2352 587 2388 ὑμᾶς
603 2351 744 2381 τοιοῦτοι
762 2348 860 2379 Blass
946 2359 987 2388 27
1013 2349 1169 2380 ἐλεεινοὺς
1183 2347 1280 2378 codd.
1363 2349 1404 2377 28
1430 2348 1561 2380 ἑαυτοὺς

229 2395 385 2433 πειρῷντο
402 2396 504 2424 ποιεῖν
524 2393 572 2423 S:
596 2395 697 2424 ποιεῖν
713 2394 738 2424 ἑ.
758 2396 911 2433 πειρῷντο
930 2392 959 2421 Α
977 2403 984 2422 2
1008 2396 1143 2433 πειρῷτο
1168 2395 1270 2424 ποιεῖν
1296 2391 1402 2421 Bekk-
1427 2391 1558 2422 Assecd·

232 2446 298 2474 144-
319 2438 357 2466 18
373 2448 379 2465 ε
404 2437 517 2468 αὑτοὺς
537 2439 706 2478 πειρῶνται
724 2438 826 2467 ποιεῖν
842 2437 930 2474 vulg.

1583 877 1624 899 10

1583 1212 1620 1244 15

1584 1547 1624 1568 20

1583 1877 1622 1909 ²5
