1685 2772
164 780 206 816 54

170 1470 210 1507 55

663 115 1157 154 ΔΗΜΟΣΘΕΝΟΎΣ
1405 110 1572 167 [xxxvn

238 227 350 267 ἐστὶν
375 226 543 274 ἅπαντα,
572 227 711 280 φησίν,
740 226 837 278 πρὸς
863 227 970 277 ἐμοῦ.
1033 225 1095 266 καὶ
1119 224 1225 266 ταῦτ’
1251 219 1318 266 οὖκ
1344 227 1578 281 αἰσχύνεται

237 293 379 346 λέγων,
408 294 497 335 οὐδὲ
518 294 609 336 τοὺς
638 293 853 336 ἀκούοντας
884 294 1006 334 οἴεται
1040 292 1254 344 μανθάνειν
1283 294 1344 334 ὅτι
1373 299 1576 347 συκοφαν-

237 362 397 403 τοῦντός
423 363 511 402 ἐστι
536 360 732 414 λογισμὸς
758 360 883 406 οὗτος,
913 360 981 401 οὐκ
1008 359 1274 411 ἀδικουμένου.
1331 361 1409 412 ἐγὼ
1435 360 1468 402 δ’
1494 362 1575 402 ἀδι-

239 432 319 468 κεῖν
349 430 422 479 μὲν
452 427 593 469 οὐδένα
621 431 699 468 τῶν
731 427 990 478 δανειζόντων
1026 428 1169 477 οἴομαι,
1205 430 1414 478 μισεῖσθαι
1443 427 1578 480 μέντοι

236 497 345 537 τινὰς
379 495 426 535 ἂν
457 495 614 536 εἰκότως
648 494 717 547 ὑφ’
743 496 864 546 ὑμῶν,
893 495 928 535 οἲ
963 493 1110 547 τέχνην
1140 493 1185 533 τὸ
1218 497 1379 546 πρᾶγμα
1412 513 1575 546 πεποιη-
1598 514 1614 545 5

237 561 348 613 μένοι
372 561 470 613 μήτε
497 562 735 615 συγγνώμης
761 560 850 613 μήτ’
881 561 1006 602 ἄλλου
1032 561 1199 612 μηδενός
1226 563 1330 602 εἰσιν
1349 559 1483 612 ἀλλ’ἢ
1510 567 1578 603 τοῦ

239 630 434 671 πλείονος.
497 631 560 670 διὰ
585 631 660 681 γὰρ
689 628 734 668 τὸ
767 630 829 670 καὶ
863 631 1113 670 δεδανεῖσθαι
1142 628 1349 680 πολλάκις,
1378 629 1429 680 μὴ
1454 630 1577 681 μόνον

240 696 355 739 αὐτὸς
380 696 504 751 τούτῳ
535 700 729 742 δανεῖσαι,
760 696 839 737 οὐδ’
867 698 943 749 ἐγὼ
976 697 1135 738 τούτους
1166 697 1309 749 ἀγνοῶ,
1337 696 1425 738 οὐδὲ
1456 701 1575 749 φιλῶ,

240 764 285 804 οὐ
304 762 438 815 μέντοι
468 763 504 816 γ’
531 764 740 816 ἀποστερῶ
773 766 827 814 μὰ
855 764 946 811 Δία,
975 765 1063 805 οὐδὲ
1094 768 1345 816 συκοφαντῶ.
1404 764 1516 806 ὅστις
1545 763 1577 804 δ’

241 832 447 883 εἴργασται
471 833 543 882 μὲν
568 831 703 882 ὥσπερ
731 831 809 883 ἐγὼ
835 830 970 872 πλέων
996 831 1057 871 καὶ
1084 831 1329 877 κινδυνεύων,
1357 830 1579 883 εὐπορήσας
1601 847 1639 870 10

241 899 283 938 δὲ
307 901 454 950 μικρῶν
479 896 682 938 ἐδάνεισεν
710 901 842 944 ταῦτα,
873 899 934 939 καὶ
964 899 1214 952 χαρίσασθαι
1242 899 1490 949 βουλόμενος
1517 899 1579 939 καὶ

239 965 292 1016 μὴ
325 968 464 1006 λαθεῖν
497 967 677 1018 διαρρυὲν
713 965 830 1006 αὑτὸν
864 966 1087 1019 τάργύριον,
1118 967 1160 1006 τί
1188 982 1247 1008 τις
1279 965 1326 1006 ἂν
1356 970 1494 1006 τοῦτον
1525 967 1579 1008 εἷς

241 1033 410 1075 ἐκείνους
435 1034 578 1082 τιθείη;
617 1033 651 1073 εἰ
679 1031 732 1083 μὴ
763 1036 878 1072 τοῦτο
907 1033 1053 1086 λέγεις,
1083 1032 1134 1075 ὡς
1163 1032 1206 1075 ὃς
1235 1032 1283 1073 ἂν
1309 1033 1374 1074 σοὶ
1399 1034 1576 1089 δανείσῃ,

240 1104 379 1140 τοῦτον
404 1101 576 1153 δημοσίᾳ
601 1102 810 1150 μισεῖσθαι
835 1099 1041 1152 προσήκει.
1106 1099 1200 1152 λέγε
1228 1098 1273 1150 δή
1297 1117 1365 1151 μοι
1390 1101 1458 1142 τὰς
1481 1117 1578 1152 μαρ-

242 1167 385 1219 τυρίας,
408 1168 466 1209 τίς
486 1168 564 1219 ἐγὼ
592 1167 688 1218 πρὸς
714 1167 804 1209 τοὺς
830 1167 1146 1219 συμβάλλοντας
1164 1167 1369 1220 ἄνθρωπος
1394 1167 1458 1207 καὶ
1483 1167 1578 1219 πρὸς
1601 1182 1638 1214 15

242 1234 332 1276 τοὺς
357 1234 563 1286 δεομένους
590 1236 679 1285 εἰμι’.

798 1378 1013 1405 ΜΑΡΤΤΡΙΑῙ
1024 1396 1028 1404 ,

309 1461 508 1504 Τοιοῦτος,
532 1456 560 1498 ὦ
590 1458 847 1503 Πανταίνετε,
871 1457 960 1508 ἐγώ,
982 1457 1003 1496 ὁ
1027 1456 1129 1510 ταχὺ
1153 1457 1341 1507 βαδίζων,
1360 1456 1424 1497 καὶ
1447 1460 1575 1497 τοιοῦ-

243 1542 310 1568 τος
353 1525 415 1571 σύ,
449 1526 469 1564 ὁ
509 1524 689 1576 ἀτρέμας.
765 1524 871 1564 ἀλλὰ
909 1523 985 1574 μὴν
1024 1524 1111 1575 περὶ
1147 1528 1216 1563 τοῦ
1249 1525 1344 1574 ἐμοῦ
1379 1540 1424 1576 γε
1460 1524 1574 1574 βαδί-

246 1610 395 1644 σματος
424 1589 446 1642 ἢ
480 1594 549 1642 τῆς
586 1590 804 1637 διαλέκτου,
832 1591 985 1641 τάληθῆ
1015 1589 1128 1631 πάντ’
1167 1592 1240 1642 ἐρῶ
1277 1590 1373 1643 πρὸς
1409 1591 1519 1642 ὑμᾶς,
1547 1589 1576 1630 ὦ
1598 1607 1638 1629 20

245 1660 382 1712 ἄνδρες
418 1659 610 1705 δικασταί,
648 1660 748 1710 μετὰ
783 1658 1017 1710 παρρησίας.
1089 1657 1166 1709 ἐγὼ
1202 1659 1278 1710 γὰρ
1314 1657 1403 1711 οὐχὶ
1439 1656 1577 1708 λέληθ’

246 1727 426 1778 ἐμαυτόν,
455 1726 534 1766 οὐδ’
559 1727 702 1779 ἀγνοῶ,
731 1726 776 1766 οὐ
806 1729 883 1765 τῶν
909 1725 950 1765 εὖ
983 1725 1219 1777 πεφυκότων
1256 1726 1353 1764 κατὰ
1386 1724 1493 1764 ταῦτ’
1523 1723 1577 1765 ὢν

245 1795 475 1847 ἀνθρώπων,
503 1794 592 1834 οὐδὲ
616 1797 693 1834 τῶν
717 1792 1032 1833 λυσιτελούντως
1058 1794 1222 1834 ἑαυτοῖς.
1295 1793 1327 1832 εἰ
1352 1793 1428 1844 γὰρ
1454 1792 1496 1832 ἐν
1520 1792 1577 1833 οἷς

243 1864 366 1913 μηδὲν
392 1861 623 1914 ὠφελοῦμαι
650 1864 785 1907 ποιῶν,
812 1863 923 1901 λυπῶ
961 1858 1081 1906 τινάς,
1110 1863 1191 1901 πῶς
1225 1859 1293 1899 οὐκ
1320 1859 1452 1911 ἀτυχῶ
1479 1859 1578 1899 κατὰ

245 1931 360 1968 τοῦτο
385 1928 429 1968 τὸ
453 1928 591 1980 μέρος,·
631 1929 737 1968 ἀλλὰ
755 1929 796 1969 τί
816 1927 892 1982 χρὴ
919 1930 1079 1974 παθεῖν;
1117 1926 1165 1967 ἂν
1190 1930 1242 1981 τῷ
1269 1929 1366 1966 δεῖνι
1390 1927 1574 1973 δανείσω,
1598 1940 1635 1971 25

247 1997 309 2035 διὰ
333 1999 454 2036 ταῦτα
479 1996 588 2046 δίκην
619 1999 892 2048 προσοφλεῖν;
947 1997 1144 2046 μηδαμῶς.
1217 1994 1356 2034 κακίαν
1385 1994 1460 2045 γὰρ
1492 1993 1578 2044 ἐμοὶ

291 2115 310 2144 3
336 2107 407 2137 ἐστι
425 2105 455 2135 Α
470 2117 477 2137 :
503 2108 594 2138 ἐστιν
612 2108 627 2137 ὁ
646 2110 723 2138 cett.
856 2115 875 2144 5
900 2107 939 2137 ἂν
956 2104 1086 2137 εἰκότως
1103 2104 1208 2143 vulg.,
1230 2102 1381 2134 Priscian
1395 2103 1474 2133 xviii
1492 2104 1555 2142 285
1570 2114 1578 2134 ε

248 2148 378 2182 εἶκότως
395 2151 433 2182 ἂν
449 2149 480 2179 Α
605 2150 627 2178 6
649 2148 800 2188 μηδενός]
819 2149 906 2181 τινός
925 2149 1074 2179 Priscian
1196 2158 1213 2186 7
1239 2149 1276 2179 τὸ
1294 2148 1345 2179 καὶ
1365 2146 1389 2177 S
1405 2157 1413 2177 ε
1436 2148 1474 2178 τὸ
1488 2147 1554 2186 FQ
1571 2159 1576 2177 :

247 2193 298 2224 καὶ
316 2194 353 2224 τὸ
370 2193 400 2223 Α
556 2193 575 2222 8
600 2192 679 2233 ἐγὼ]
699 2194 761 2233 ἐγὼ
780 2194 873 2224 αὐτὸς
890 2192 920 2222 Α
1078 2202 1115 2221 12
1139 2192 1172 2223 τί
1188 2201 1252 2222 om.
1271 2191 1302 2220 A
1459 2200 1497 2229 13
1523 2190 1592 2231 ἂν]

249 2237 302 2267 ἐὰν
322 2237 345 2267 S
432 2246 469 2275 15
495 2238 652 2277 ἄνθρωπος
672 2235 819 2267 Reiske:
845 2237 1022 2276 ἀνθρώπους
1043 2236 1138 2266 codd.
1155 2246 1162 2265 :
1187 2235 1266 2265 secl.
1285 2234 1383 2265 BlaSS
1477 2244 1515 2273 19
1538 2247 1577 2275 ’γε

248 2285 323 2319 post
341 2282 416 2319 ἐμοῦ
434 2281 457 2311 S
474 2291 480 2310 :
506 2285 579 2319 post
597 2280 665 2320 περὶ
683 2279 772 2318 vulg.
889 2289 930 2317 23
955 2279 1213 2311 λυσιτελούντως
1230 2278 1356 2316 Naber,
1374 2278 1415 2309 cs.
1435 2280 1577 2318 εὐτυχῶς

247 2324 436 2363 πεφυκότων
453 2324 509 2353 xlv
529 2333 567 2361 77
584 2334 590 2352 ε
615 2322 876 2354 λυσιτελούντων
893 2323 990 2353 codd.
1133 2325 1258 2355 ἑαυτοῖς
1277 2322 1405 2352 Reiske
1422 2333 1428 2352 ε
1453 2324 1577 2362 ἐμαυτῷ

248 2368 343 2398 codd.
481 2377 522 2404 24
546 2365 664 2406 μηδὲν]
681 2366 773 2398 οὐδὲν
789 2366 819 2396 Α
953 2376 992 2404 25
1017 2368 1055 2398 τὸ
1072 2366 1164 2408 μέρος
1181 2366 1259 2397 secl.
1280 2365 1380 2396 Blass
1478 2366 1516 2396 ἂν
1531 2368 1576 2405 τῷ

248 2412 341 2451 δεῖνι]
361 2412 398 2442 ἄν
414 2425 459 2451 τῳ
476 2424 508 2441 τι
525 2410 555 2439 Α
690 2411 732 2440 26
756 2410 984 2449 ποοσοφείλειν
1003 2410 1026 2440 S
1039 2409 1068 2440 A
1158 2409 1242 2450 ἐμοὶ]
1259 2423 1310 2449 μοι
1327 2408 1357 2438 Α
