1685 2772
157 112 308 167 xxx111]
505 117 668 157 ΠΡΟΣ
715 116 1133 155 ΑΠΑΤοΎΡΙοΝ
1520 102 1641 158 [892]

155 227 408 278 συμβόλαιον,
433 227 518 277 περὶ
545 226 583 265 δὲ
610 229 682 265 τῶν
708 227 882 265 τοιούτων
904 225 988 266 τοὺς
1009 225 1142 275 νόμους
1160 224 1212 275 μὴ
1233 223 1370 263 διδόναι
1391 224 1487 263 δικά-

155 284 177 330 ζ
179 281 297 322 εσθαι.

223 404 319 442 Τοῖς
338 402 410 452 μὲν
430 400 628 452 ἐμπόροις,
651 397 680 439 ὦ
700 398 839 451 ἄνδρες
859 399 1056 444 δικασταί,
1078 397 1139 438 καὶ
1158 401 1240 439 τοῖς
1260 396 1493 450 ναυκλήροις

159 468 310 509 κελεύει
331 469 351 507 ὁ
371 468 491 518 νόμος
511 467 610 507 εἶναι
629 467 697 508 τὰς
717 467 825 506 δίκας
851 464 948 518 πρὸς
973 465 1062 507 τοὺς
1082 464 1340 515 θεσμοθέτας,
1363 463 1431 505 ἐάν
1456 480 1495 504 τι

120 554 137 586 5
158 536 369 576 ἀδικῶνται
394 535 436 574 ἐν
461 538 514 589 τῷ
541 534 712 588 ἐμπορίῳ
738 529 762 583 ἢ
782 531 942 574 ἐνθένδε
961 548 1028 572 ποι
1048 531 1239 574 πλέοντες
1259 529 1282 581 ἢ
1303 530 1494 584 ἑτέρωθεν

159 605 285 654 δεῦρο,
313 601 376 642 καὶ
401 605 483 643 τοῖς
509 601 712 641 ἀδικοῦσιν
738 598 888 651 δεσμὸν
914 597 1052 648 ἔταξεν
1072 598 1331 649 τούπιτίμιον,
1354 599 1426 640 ἕως
1445 597 1494 639 ἂν

159 670 396 709 ἐκτείσωσιν
435 670 457 708 ὅ
494 685 530 708 τι
564 667 612 708 ἂν
645 667 772 707 αὐτῶν
803 669 1078 723 καταγνωσθῇ,
1112 667 1176 707 ἵνα
1207 667 1340 716 μηδεὶς
1381 667 1494 722 ἀδικῇ

158 735 307 788 μηδένα
330 739 409 776 τῶν
434 735 615 786 ἐμπόρων
641 736 738 791 εἰκῇ.
798 737 880 775 τοῖς
907 735 949 773 δὲ
974 734 1062 785 περὶ
1089 737 1166 774 τῶν
1189 732 1240 784 μὴ
1269 731 1494 785 γενομένων
1525 747 1543 771 2

161 803 423 854 συμβολαίων
455 803 508 843 εἷς
537 803 667 854 κρίσιν
699 799 1000 851 καθισταμένοις
1032 801 1097 841 ἐπὶ
1126 800 1197 850 τὴν
1228 798 1494 852 παραγραφὴν

103 886 141 908 10
162 869 426 922 καταφεύγειν
452 869 595 909 ἔδωκεν
621 869 641 907 ὁ
668 868 800 918 νόμος,
828 868 891 907 ἵνα
915 868 1050 918 μηδεὶς
1071 869 1378 920 συκοφαντῆται,
1401 865 1494 906 ἀλλ’
1525 862 1645 918 [893]

161 936 293 978 αὐτοῖς
322 939 404 977 τοῖς
429 941 475 992 τῇ
502 936 668 988 ἀληθείᾳ
701 933 970 985 ἀδικουμένοις
1003 938 1080 975 τῶν
1111 934 1291 986 ἐμπόρων
1326 933 1388 973 καὶ
1416 936 1495 973 τῶν

162 1001 392 1054 ναυκλήρων
418 1004 456 1043 αἱ
483 1003 585 1042 δίκαι
610 1000 723 1042 ὦσιν.
786 1001 849 1041 καὶ
875 1001 1021 1042 πολλοὶ
1054 1001 1126 1052 ἤδη
1152 1005 1230 1041 τῶν
1263 1000 1495 1053 φευγόντων

164 1071 206 1110 ἐν
230 1073 315 1111 ταῖς
340 1070 568 1121 ἐμπορικαῖς
593 1068 949 1121 παραγραψάμενοι
977 1069 1074 1109 κατὰ
1098 1071 1168 1109 τὸν
1193 1068 1316 1119 νόμον
1340 1067 1495 1107 τουτονὶ

165 1136 229 1177 καὶ
278 1136 528 1176 εἰσελθόντες
578 1136 633 1177 εἷς
679 1136 777 1186 ὑμᾶς
819 1133 1038 1188 ἐξήλεγξαν
1084 1134 1175 1176 τοὺς
1221 1133 1494 1185 δικαζομένους

107 1219 143 1251 15
166 1204 307 1245 ἀδίκως
333 1204 596 1255 ἐγκαλοῦντας
632 1202 693 1243 καὶ
723 1203 786 1242 ἐπὶ
815 1208 862 1259 τῇ
887 1201 1091 1255 προφάσει
1114 1205 1182 1242 τοῦ
1208 1201 1496 1253 ἐμπορεύεσθαι

166 1273 527 1323 συκοφαντοῦντας.
579 1270 599 1309 ὁ
618 1272 690 1321 μὲν
709 1269 777 1310 οῦν
795 1271 893 1320 μετὰ
911 1270 1049 1310 τούτου
1066 1286 1133 1321 μοι
1149 1268 1496 1319 ἐπιβεβουλευκὼς
1528 1278 1548 1312 3

168 1338 231 1378 καὶ
266 1340 334 1378 τὸν
364 1339 498 1391 ἀγῶνα
528 1338 682 1378 τουτονὶ
714 1337 1009 1378 κατεσκευακὼς
1040 1337 1246 1388 προϊόντος
1276 1338 1344 1375 τοῦ
1373 1335 1498 1387 λόγου

168 1406 399 1460 καταφανὴς
423 1407 513 1457 ὑμῖν
546 1406 673 1446 ἔσται·
712 1404 974 1457 ἐγκαλοῦντος
1004 1402 1048 1443 δέ
1075 1419 1142 1454 μοι
1166 1402 1426 1454 Ἀπατουρίου
1450 1403 1499 1441 τὰ

167 1476 296 1526 ψευδῆ
323 1474 387 1514 καὶ
412 1475 516 1526 παρὰ
542 1473 630 1514 τοὺς
661 1473 802 1523 νόμους
833 1469 1096 1521 δικαζομένου,
1125 1469 1188 1509 καὶ
1213 1469 1290 1509 ὅσα
1314 1471 1386 1519 μὲν
1412 1468 1500 1519 ἐμοὶ

110 1554 149 1576 20
170 1540 233 1581 καὶ
262 1540 386 1595 τούτῳ
414 1540 572 1593 ἐγένετο
598 1539 842 1591 συμβόλαια,
870 1537 1027 1579 πάντων
1054 1538 1292 1588 ἀπαλλαγῆς
1316 1535 1379 1575 καὶ
1397 1534 1497 1588 ἀφέ-

169 1624 273 1650 σεως
297 1607 524 1660 γενομένης,
550 1607 678 1647 ἄλλου
703 1609 744 1647 δὲ
771 1605 1022 1657 συμβολαίου
1047 1604 1115 1644 οὐκ
1144 1605 1258 1645 ὄντος
1287 1602 1373 1653 ἐμοὶ
1402 1601 1500 1654 πρὸς

169 1678 320 1720 τοῦτον,
347 1675 436 1714 οὔτε
462 1678 643 1714 ναυτικοῦ
668 1672 748 1714 οὔτ’
768 1674 938 1726 ἐγγείου,
957 1669 1275 1724 παρεγραψάμην
1299 1669 1370 1720 τὴν
1389 1670 1499 1719 δίκην

168 1740 221 1792 μὴ
248 1741 515 1794 εἰσαγώγιμον
542 1741 641 1782 εἶναι
667 1742 763 1781 κατὰ
787 1740 876 1780 τοὺς
903 1739 1043 1790 νόμους
1068 1738 1265 1778 τουτουσί.

759 1903 907 1930 ΝΟΜΟῙ.

114 1998 152 2030 25
238 1983 313 2026 ιΩς
350 1984 481 2024 τοίνυν
519 1984 623 2035 παρὰ
654 1982 746 2024 τοὺς
784 1983 927 2032 νόμους
960 1981 1120 2022 τούτους
1157 1978 1295 2032 εἴληχέ
1329 1995 1397 2030 μοι
1431 1977 1502 2028 τὴν
1533 1990 1554 2022 4

173 2052 284 2102 δίκην
321 2049 580 2101 Ἀπατούριος
619 2049 681 2089 καὶ
718 2050 766 2088 τὰ
803 2051 931 2101 ψευδῆ
971 2047 1222 2100 ἐγκέκληκεν,
1258 2047 1300 2086 ἐκ
1338 2049 1502 2086 πολλῶν

172 2119 263 2169 ὑμῖν
291 2116 394 2157 τοῦτ’
424 2115 616 2166 ἐπιδείξω.
677 2116 755 2167 ἐγὼ
785 2114 873 2167 γάρ,
909 2113 938 2155 ὦ
974 2114 1112 2167 ἄνδρες
1146 2113 1340 2159 δικασταί,
1374 2111 1503 2152 πολὺν

216 2237 237 2268 3
261 2227 412 2260 δικασταί
429 2226 452 2257 S
467 2226 559 2268 Q-yp.
576 2237 582 2257 ε
610 2225 768 2263 Ἀθηναῖοι
785 2225 874 2265 vulg.
1040 2234 1059 2263 5
1084 2224 1238 2265 ἐμπορείῳ
1257 2222 1295 2254 S1
1313 2228 1348 2254 ut
1365 2223 1503 2262 saepius

174 2271 260 2302 infra
276 2271 302 2302 S
433 2272 454 2300 8
477 2272 520 2310 μὴ
538 2280 605 2300 om.
624 2269 648 2300 S
784 2279 824 2299 10
847 2269 956 2308 μηδεὶς
973 2269 1215 2309 συκοφαντῆται
1235 2267 1258 2298 S
1271 2267 1303 2296 A
1318 2277 1324 2297 t
1348 2268 1393 2306 μὴ
1411 2279 1504 2298 συκο-

174 2317 358 2355 φαντῶνται
375 2313 462 2353 vtssg.
582 2322 620 2350 13
644 2313 772 2344 τουτονὶ
790 2312 815 2343 S
831 2323 838 2342 :
860 2314 977 2343 τοῦτον
993 2316 1070 2342 cett.
1184 2320 1225 2340 22
1249 2309 1316 2342 οὔτ’
1335 2312 1504 2350 ἐμπορικοῦ

175 2357 241 2390 οὔτ’
261 2360 419 2391 ι’διωτικοῦ
435 2357 465 2389 Α
574 2356 704 2397 ἐγγείου
722 2355 751 2386 D
766 2355 860 2387 Suid.
876 2366 882 2385 z
910 2354 1042 2396 ἐγγαίου
1058 2354 1147 2393 vulg.
1293 2364 1332 2392 27
1359 2352 1446 2393 ὑμῖν]
1466 2354 1504 2385 ἃν

175 2405 245 2442 ὑμῖν
262 2402 286 2433 S
