1685 2772
72 141 185 196 [838]

141 379 178 404 11

54 622 180 678 [839]

140 1107 180 1132 12

141 2011 181 2045 13

644 138 1127 176 ΔΗΜΟΣΘΕΝΟΎΣ
1397 135 1546 188 [xxvm

768 289 994 316 ΜΑΡΤὙΡῙΑΙ.

281 363 403 406 Ταῦθ’
429 363 537 404 οὗτοι
566 362 663 416 πρὸς
700 363 1198 406 πεντεκαιδεκαταλάντους
1228 366 1356 406 οἴκους
1389 381 1544 405 συνετι·

214 431 388 484 μήσανθ’
420 431 518 483 ὑπὲρ
555 431 663 482 ἐμοῦ·
712 433 822 481 μνῶν
855 429 888 471 δ’
924 430 1005 470 οὐδ’
1043 430 1300 483 ἑβδομήκοντ’
1337 430 1452 481 ἀξίαν
1480 446 1547 482 μοι’.

215 498 518 552 παραδεδώκασι
543 496 616 548 τὴν
641 497 781 538 οὐσίαν
807 500 912 549 τρεῖς
935 498 1062 540 ὄντες.
1131 497 1229 551 λέγε
1252 499 1322 541 τὰς
1345 497 1505 550 ἐφεῇς.

764 628 994 656 ΜΑΡΤΎῬῙΑΙ.

278 712 436 762 Ταύτην
485 710 557 761 τὴν
600 713 742 762 προῖκα
784 711 824 750 οἵ
861 709 896 750 τ’
932 711 1137 762 ἐπίτροποι
1185 714 1546 763 καταμαρτυροῦσιν

214 778 331 820 αὐτὸν
347 782 506 829 λαβεῖν,
524 777 644 817 ἄλλοι
661 794 704 818 τε
729 776 826 829 πρὸς
851 777 917 818 οὓς
942 776 1051 830 ἔχειν
1075 777 1349 829 ὡμολόγησεν.
1401 779 1546 828 ταύτην

214 846 293 886 οὔτ’
324 845 445 895 αὐτὴν
482 845 571 885 οὔτε
600 843 670 885 τὸν
701 848 816 885 σῖτον
849 844 1109 886 ἀποδέδωκεν.
1179 846 1287 896 λαβὲ
1321 846 1392 887 τὰς
1421 844 1547 886 ἄλλας

215 915 276 954 καὶ
301 913 589 965 ἀναγίγνωσκε.

769 1019 996 1046 ΜΑΡΤΎΡῙΑΙ.

281 1099 353 1139 Δύ’
379 1099 444 1149 ἔτη
479 1098 523 1138 τὸ
558 1095 819 1149 ἐργαστήριον
855 1097 1060 1148 διοικήσας
1086 1100 1315 1155 Θηριππίδῃ
1344 1101 1418 1150 μὲν
1446 1100 1543 1140 ἀπο-

211 1166 356 1207 δέδωκε
398 1165 469 1215 τὴν
508 1165 721 1215 μίσθωσιν·
772 1165 858 1214 ἐμοὶ
900 1163 954 1210 δέ,
999 1168 1105 1205 δυοῖν
1149 1167 1254 1206 ἐτοῖν
1292 1166 1435 1213 λαβὼν
1475 1166 1546 1216 τὴν

212 1233 425 1286 πρόσοδον,
451 1231 661 1284 τριάκοντα
694 1233 806 1281 μνᾶς,
835 1230 914 1270 οὔτ’
948 1231 1067 1273 αὐτὰς
1095 1233 1184 1272 οὔτε
1219 1232 1264 1272 τὸ
1299 1233 1418 1286 ἔργον
1446 1234 1523 1273 ἀπο

213 1299 392 1341 δέδωκεν.
465 1298 564 1350 λάβ’
593 1297 732 1350 ἑτέραν
761 1298 823 1337 καὶ
850 1297 1061 1350 ἀνάγνωθι.

778 1430 988 1458 ΜΑΡΤΎῬΙΑ.

278 1515 413 1552 Ταῦτα
436 1508 670 1562 τάνδράποδ’
701 1509 752 1550 ὡς
785 1508 902 1549 αὑτὸν
934 1509 1076 1561 λαβὼν
1100 1508 1225 1557 οὗτος,
1247 1509 1311 1550 καὶ
1333 1509 1465 1550 τᾶλλα
1495 1511 1544 1550 τὰ

212 1581 312 1630 μετὰ
336 1578 484 1618 τούτων
508 1575 737 1616 ὑποτεθένθ’
756 1575 862 1626 ἡμῖν,
883 1576 1074 1628 ἀνάλωμα
1098 1578 1171 1627 μὲν
1190 1578 1245 1620 εἷς
1261 1576 1359 1617 αὐτὰ
1375 1581 1544 1617 τοσοῦτο

213 1646 463 1697 λελόγισται,
489 1645 627 1694 λῆμμα
651 1641 683 1682 δ’
709 1642 775 1682 ἀπ’
801 1642 930 1684 αὐτῶν
966 1643 1046 1684 οὐδ’
1070 1644 1212 1691 ὁτιοῦν,
1241 1644 1303 1685 καὶ
1331 1643 1472 1686 αὐτοὺς
1504 1646 1544 1684 δὲ

212 1712 302 1754 τοὺς
333 1711 560 1763 ἀνθρώπους
583 1709 792 1762 ἠφάνικεν,
820 1710 857 1751 οἳ
881 1710 1031 1751 δώδεκα
1061 1713 1162 1762 μνᾶς
1192 1712 1347 1754 ἀτελεῖς
1375 1710 1544 1753 ἑκάστου

212 1782 280 1819 τοῦ
305 1780 481 1819 ἐνιαυτοῦ
506 1776 772 1829 προσέφερον.
842 1776 930 1829 λέγ’
956 1777 1105 1830 ἑτέραν.

770 1909 978 1936 ΜΑΡΤΥΡΙΑ.

279 1993 430 2031 Τοῦτον
467 1992 535 2030 τὸν
571 1989 775 2042 ἐλέφαντα
812 1989 873 2028 καὶ
909 1991 978 2028 τόν
1015 1989 1176 2039 σίδηρον
1211 1988 1420 2040 πεπρακὼς
1453 1987 1542 2028 οὐδὲ

217 2057 532 2109 καταλειφθῆναί
555 2062 693 2108 φησιν,
713 2057 820 2096 ἀλλὰ
846 2055 907 2094 καὶ
932 2053 1081 2095 τούτων
1105 2054 1176 2104 τὴν
1194 2053 1311 2106 τιμὴν
1328 2055 1547 2107 ἀποστερεῖ

214 2141 274 2174 με,
301 2124 478 2175 μάλιστα
501 2123 707 2163 τάλαντον.
779 2121 874 2174 λέγε
898 2123 1076 2162 ταυτασί.

262 2242 275 2263 1
303 2237 505 2264 ΜΑΡΤΎΡΙΑ
524 2231 547 2261 S
672 2242 690 2261 2
715 2233 809 2262 πέντε
827 2232 877 2263 καὶ
896 2230 973 2262 δέκα
988 2237 1136 2262 ταλαντα
1153 2230 1226 2261 τοὺς
1244 2229 1287 2260 S:
1313 2230 1543 2262 πεντεκαίδεκα

214 2277 362 2309 τάλαντα
377 2276 450 2308 τοὺς
470 2275 496 2306 F
514 2284 598 2305 corr.
748 2284 767 2313 5
793 2279 1008 2306 MAPT‘rPIAI
1025 2274 1047 2305 S
1066 2276 1144 2312 (non
1165 2274 1382 2314 MAPTTPIA)
1521 2275 1542 2303 6

214 2321 254 2358 ἢν
271 2324 347 2358 post
365 2321 479 2360 προῖκα
497 2318 572 2349 add.
590 2318 678 2356 vulg.
696 2330 701 2348 z
728 2328 792 2348 om.
813 2317 837 2347 S
849 2318 880 2347 A
1006 2318 1231 2358 συνεπίτροποι
1249 2316 1279 2345 Α
1440 2317 1460 2345 8
1484 2317 1542 2349 τὰς

214 2363 314 2394 habet
332 2363 356 2393 S
373 2362 466 2392 solus
607 2362 646 2391 16
670 2359 777 2401 οὗτος]
795 2362 892 2392 οὕτως
912 2361 936 2391 S
1087 2361 1124 2390 18
1151 2361 1214 2391 οὐδ’
1230 2370 1294 2390 οῐη.
1315 2359 1353 2389 Sl
1501 2370 1544 2390 20

213 2405 306 2447 λέγ’]
322 2405 406 2442 λαβὲ
423 2405 454 2435 Α
586 2415 626 2443 23
652 2405 841 2446 ἀποστερεῖν
858 2403 895 2434 Sl
914 2405 945 2446 (ν
963 2409 1089 2444 puncto
1106 2403 1270 2444 notatum)

1567 633 1583 664 5

1571 1031 1606 1053 10

1567 1447 1603 1478 15

1564 1802 1603 1824 20
