1685 2772
84 123 204 178 [904]

164 321 206 363 38

237 129 761 185 [ΔΗΜΟΣΘΕΝΟΎΣ]
784 134 945 172 ΠΡΟΣ
982 107 1570 185 AHA†0TPION[xXX111

238 244 282 285 τὸ
315 247 594 298 γραμματεῖον,
625 246 716 294 ἐνῆν
745 243 1005 284 αἰτιάσασθαι
1035 243 1294 299 Ἀπατουρίῳ,
1318 244 1368 286 ὡς
1397 245 1475 297 ἐγὼ
1507 247 1572 286 διὰ

237 312 309 362 τὴν
325 312 470 364 ἐγγύην
486 311 661 363 ἠφάνικα
677 313 746 352 τὰς
763 311 974 361 συνθήκας·
1009 312 1043 351 εἰ
1060 313 1102 352 δὲ
1118 312 1223 363 παρὰ
1239 312 1291 366 τῷ
1304 310 1568 363 Ἀριστοκλεῖ,

237 379 299 419 διὰ
314 380 364 424 τί,
383 380 490 429 εἴπερ
509 378 599 418 ἄνευ
615 380 683 428 τῆς
698 378 836 418 τούτου
852 378 1011 430 γνώμης
1028 378 1289 418 ἀπολώλασιν
1306 379 1344 418 αἱ
1365 380 1568 428 συνθῆκαι,

236 446 288 500 τῷ
309 447 382 496 μὲν
411 446 581 496 λαβόντι
611 446 730 487 αὐτὰς
761 446 823 485 καὶ
854 446 899 485 οὐ
928 444 1144 497 παρέχοντι
1174 444 1218 484 οὐ
1250 444 1457 494 δικάζεται,
1485 445 1570 496 ε’μοὶ

237 512 269 552 δ’
300 514 475 565 ἐγκαλεῖ,
506 511 681 564 μάρτυρα
712 512 984 565 παρεχόμενος
1018 511 1101 551 κατ’
1125 513 1220 562 ἐμοῦ
1247 511 1316 552 τὸν
1350 511 1570 563 ἠφανικότα
1589 524 1608 555 5

236 581 305 621 τὰς
330 578 540 629 συνθήκας,
567 578 596 634 ᾧ
620 581 820 631 προσῆκεν
846 577 964 619 αὐτὸν
989 578 1231 630 ὀργίζεσθαι,
1255 581 1363 631 εἴπερ
1387 578 1440 630 μὴ
1461 584 1570 636 κοινῇ

236 648 334 698 μετὰ
358 646 495 686 τούτου
521 645 789 699 ἐκακοτέχνει;

306 715 472 765 Εἵρηταί
498 730 566 765 μοι
594 714 642 753 τὰ
673 714 813 759 δίκαια,
841 713 920 752 ὅσα
953 711 1160 763 ἐδυνάμην.
1232 713 1341 763 ὑμεῖς
1374 713 1441 754 οὖν
1474 715 1568 753 κατὰ

237 780 326 822 τοὺς
350 781 491 831 νόμους
517 780 760 833 γιγνώσκετε
783 781 831 819 τὰ
856 781 998 820 δίκαια.

282 902 294 921 1
322 891 526 924 αἰτιάσασθαι
547 890 570 921 S
586 889 676 929 vulg.
691 902 697 921 :
724 891 762 922 ἂν
775 891 935 921 αἰτιᾶσθαι
952 888 983 918 Α
1073 890 1271 931 Ἀπατουρίῳ
1284 890 1333 921 A:
1360 891 1568 932 Ἀπατούριον

236 935 323 974 vulg.
478 946 498 973 4
522 933 641 966 ταύτας
658 932 690 963 Α
845 934 866 962 6
890 935 1000 965 κοινῶς
1019 932 1044 962 F
1055 931 1085 971 Q
1100 932 1129 962 D
1282 935 1302 964 8
1325 935 1366 966 τὰ
1383 935 1486 968 δίκαια
1502 935 1565 967 del.

238 979 464 1016 Herwerden‚
483 978 523 1008 cf.
545 977 649 1008 xxxvi
671 988 683 1007 1

281 1023 318 1052 In
338 1022 361 1053 S
382 1022 609 1061 subscriptum

724 1068 959 1096 ΠΑΡΑΓΡΑΦΗ
988 1069 1094 1097 ΠΡΟΣ

772 1114 1034 1140 AHATOTPION
