1685 2772
161 108 310 164 xxxw]
551 112 710 151 ΠΡΟΣ
764 112 1100 151 ΦΟΡΜΙΩΝΑ

161 241 289 265 σαντα
312 225 360 264 τὰ
384 222 567 277 χρήματα
593 224 635 264 ἐν
660 229 707 280 τῇ
738 225 814 274 νηί,
842 222 973 263 δεινὸν
1004 222 1206 274 ἡγούμεθα
1237 220 1337 262 εἶναι
1368 220 1412 261 τὸ
1435 221 1488 273 μὴ

159 294 366 342 βοηθῆσαι
381 291 475 341 ἡμῖν
500 291 632 333 αὐτοῖς
658 289 928 341 ἀδικουμένοις
952 289 1029 330 ὑπὸ
1053 289 1204 329 τούτου.

227 359 327 410 Περὶ
362 360 436 409 μὲν
460 359 528 398 οὗν
559 360 628 408 τῆς
661 359 925 410 παραγραφῆς
960 357 1116 409 βραχύς
1153 357 1263 396 ἐστιν
1299 356 1319 395 ὁ
1353 355 1488 407 λόγος·

162 426 325 478 καὶγὰρ
349 425 457 465 οὗτοι
491 425 535 465 οὐ
566 425 611 465 τὸ
647 424 832 477 παράπαν
869 425 1123 475 συμβόλαιον
1159 422 1410 475 ἐξαρνοῦνται
1438 422 1489 472 μὴ

122 508 139 540 5
163 492 349 545 γενέσθαι
375 493 417 532 ἐν
441 496 494 547 τῷ
521 492 693 546 ἐμπορίῳ
713 495 765 546 τῷ
785 491 971 546 ὑμετέρῳ,
993 490 1085 531 ἀλλ’
1106 489 1235 530 οὐκέτι
1262 490 1364 530 εἶναί
1386 495 1490 542 φασι

162 559 258 612 πρὸς
284 558 420 601 αὐτοὺς
446 559 557 600 οὐδὲν
584 560 850 610 συμβόλαιον·
889 556 1146 608 πεποιηκέναι
1175 559 1250 609 γὰρ
1277 557 1389 597 οὐδὲν
1416 555 1489 606 ἔξω

161 630 240 668 τῶν
266 628 308 667 ἐν
331 632 380 684 τῇ
409 631 624 683 συγγραφῇ
648 625 947 678 γεγραμμένων.
1007 627 1042 665 οἱ
1068 627 1140 675 μὲν
1165 624 1232 664 οὖν
1257 624 1382 675 νόμοι,
1407 623 1490 663 καθ’

163 694 230 735 οὓς
253 694 362 745 ὑμεῖς
388 694 570 733 δικασταὶ
597 692 784 743 κάθησθε,
806 692 880 745 οὐχ
906 693 1027 733 οὕτως
1051 690 1256 744 λέγουσιν,
1278 690 1369 731 ἀλλ’
1395 692 1491 743 ὑπὲρ

161 763 233 811 μὲν
256 764 333 802 τῶν
357 760 409 812 μὴ
435 759 660 812 γενομένων
685 761 789 801 ὅλως
814 760 1077 810 συμβολαίων
1102 757 1298 808 Ἀθήνησι
1322 757 1411 809 μηδ’
1439 759 1492 799 εἰς

105 839 145 862 10
163 827 207 866 τὸ
238 827 460 877 Ἀθηναίων
495 827 683 878 ἐμπόριον
713 825 1048 878 παραγράφεσθαι
1085 826 1315 871 δεδώκασιν,
1352 826 1423 865 ἐὰν
1451 824 1494 864 δέ

163 911 222 936 τις
240 893 429 946 γενέσθαι
444 895 515 945 μὲν
532 894 723 949 ὁμολογῇ,
745 893 986 949 ἀμφισβητῇ
1007 895 1049 932 δὲ
1066 892 1117 933 ὡς
1133 891 1262 932 πάντα
1279 893 1492 941 πεποίηκεν

164 963 212 1000 τὰ
228 961 481 1012 συγκείμενα,
500 961 792 1012 ἀπολογεῖσθαι
808 960 1038 1000 κελεύουσιν
1056 959 1276 999 εὐθυδικίαν
1301 959 1491 1004 εἰσιόντα,

164 1028 209 1067 οὐ
238 1031 469 1079 κατηγορεῖν
500 1030 570 1066 τοῦ
605 1027 826 1068 διώκοντος.
887 1026 932 1066 οὐ
960 1026 1037 1077 μὴν
1070 1025 1162 1065 ἀλλ’
1192 1026 1318 1077 ἔγωγε
1349 1025 1493 1074 ἐλπίζω

166 1094 228 1133 καὶ
254 1094 301 1144 ἐξ
323 1094 441 1134 αὐτοῦ
464 1097 532 1133 τοῦ
556 1093 786 1146 πράγματος
811 1093 955 1144 δείξειν
987 1093 1255 1145 εἰσαγώγιμον
1286 1092 1358 1141 τὴν
1384 1093 1495 1142 δίκην

106 1172 144 1204 15
165 1160 301 1201 οὖσαν.
363 1160 575 1213 σκέψασθε
598 1160 655 1206 δέ,
681 1159 710 1200 ὦ
736 1160 874 1213 ἄνδρες
898 1159 1116 1210 Ἀθηναῖοι,
1135 1160 1157 1199 ὅ
1180 1176 1217 1200 τι
1242 1160 1496 1211 ὁμολογεῖται

165 1227 257 1279 παρ’
283 1227 410 1268 αὐτῶν
435 1228 584 1268 τούτων
612 1228 673 1268 καὶ
698 1229 739 1268 τί
759 1227 1022 1280 ἀντιλέγεται·
1061 1228 1160 1267 οὕτω
1186 1228 1261 1279 γὰρ
1279 1225 1328 1266 ἂν
1353 1226 1496 1278 ἄριστα

166 1294 408 1345 ἐξετάσαιτε.
451 1295 589 1335 οὐκοῦν
608 1296 872 1335 δανείσασθαι
895 1296 968 1345 μὲν
993 1295 1040 1334 τὰ
1056 1293 1238 1348 χρήματα
1254 1295 1496 1345 ὁμολογοῦσι

167 1363 229 1402 καὶ
255 1361 453 1411 συνθήκας
479 1361 725 1411 ποιήσασθαι
749 1365 818 1401 τοῦ
836 1363 1112 1412 δανείσματος,
1140 1360 1268 1413 φασὶν
1294 1359 1327 1399 δ’
1353 1361 1493 1400 ἀποδε-

165 1428 332 1469 δωκέναι
357 1428 400 1467 τὸ
425 1430 594 1481 χρυσίον
618 1428 794 1479 Λάμπιδι
818 1432 869 1483 τῷ
892 1429 1047 1469 Δίωνος
1073 1427 1202 1484 οἰκέτῃ
1224 1429 1264 1468 ἐν
1291 1427 1495 1481 Βοσπόρῳ.

107 1509 146 1530 20
165 1495 276 1546 ἡμεῖς
309 1497 440 1535 τοίνυν
473 1495 518 1535 οὐ
547 1496 671 1547 μόνον
704 1499 819 1535 τοῦτο
857 1494 1049 1546 δείξομεν,
1089 1495 1138 1536 ὣς
1175 1494 1242 1534 οὐκ
1279 1493 1494 1539 ἀπέδωκεν,

167 1562 260 1602 ἀλλ’
299 1563 351 1604 ὡς
389 1561 468 1601 οὐδ’
506 1564 598 1613 ἐνῆν
633 1562 736 1617 αὐτῷ
774 1563 1001 1602 ἀποδοῦναι.
1062 1562 1278 1614 ἀναγκαῖον
1315 1561 1347 1601 δ’
1386 1561 1497 1601 ἐστὶν

169 1629 326 1682 βραχέα
351 1633 430 1669 τῶν
455 1628 501 1679 ἐξ
524 1630 647 1681 ἀρχῆς
673 1628 943 1682 διηγήσασθαι
968 1630 1072 1680 ὑμῖν.

234 1695 340 1748 Ἐγὼ
359 1696 447 1748 γάρ,
466 1693 495 1735 ὦ
521 1696 659 1747 ἄνδρες
684 1695 900 1747 Ἀθηναῖοι,
929 1696 1114 1737 ἐδάνεισα
1134 1695 1335 1748 Φορμίωνι
1357 1694 1497 1748 τουτῳὶ

168 1764 296 1803 εἴκοσι
320 1766 419 1814 μνᾶς
445 1764 775 1816 ἀμφοτερόπλουν
806 1765 862 1806 εἷς
886 1764 954 1803 τὸν
988 1764 1147 1803 Πόντον
1172 1762 1236 1803 ἐπὶ
1262 1760 1376 1815 ἑτέρᾳ
1399 1762 1493 1801 ὑπο-

109 1840 146 1872 25
168 1829 280 1886 θήκῃ,
326 1831 388 1870 καὶ
431 1830 669 1883 συγγραφὴν
711 1829 857 1881 ἐθέμην
886 1831 992 1882 παρὰ
1028 1831 1157 1884 Κίττῳ
1184 1833 1237 1883 τῷ
1274 1828 1495 1883 τραπεζίτῃ.

169 1898 408 1948 κελευούσης
424 1899 465 1937 δὲ
481 1899 549 1947 τῆς
566 1899 803 1949 συγγραφῆς
821 1896 1007 1938 ἐνθέσθαι
1024 1898 1079 1938 εἰς
1094 1896 1165 1946 τὴν
1182 1898 1275 1936 ναῦν
1290 1911 1494 1947 τετρακισ-

168 1965 312 2016 χιλίων
331 1964 476 2016 φορτία
495 1962 598 2014 ἄξια,
619 1966 782 2016 πρᾶγμα
801 1967 907 2004 ποιεῖ
929 1963 1087 2004 πάντων
1113 1963 1350 2003 δεινότατον·
1385 1961 1498 2002 εὐθὺς

213 2083 233 2103 2
257 2075 364 2105 αὐτοῖς
383 2072 433 2103 A:
460 2082 525 2105 orn.
544 2072 568 2103 S
582 2072 606 2102 F
620 2072 650 2111 Q
666 2072 695 2101 D
807 2084 826 2111 4
853 2071 1067 2112 συμβόλαιον]
1091 2073 1128 2103 τὸ
1147 2075 1244 2111 συμβ.
1264 2070 1293 2100 Α
1398 2080 1414 2108 7
1439 2069 1499 2109 μὲν

170 2115 239 2156 οὖν]
256 2117 367 2156 μέντοι
385 2117 415 2146 Α
580 2117 600 2146 8
625 2117 724 2148 οὕτως
742 2115 766 2146 S
779 2115 808 2146 D
824 2127 831 2146 ;
856 2117 938 2148 οὕτω
954 2116 1043 2154 vulg.
1219 2125 1244 2153 v9
1266 2113 1326 2153 μὲν
1342 2123 1406 2143 om.
1423 2112 1455 2142 A
1468 2113 1498 2142 D

173 2169 212 2198 15
237 2160 253 2191 ὅ
268 2174 301 2191 τι
320 2160 343 2190 S
364 2161 431 2200 (me
448 2160 553 2200 teste)
570 2171 576 2190 t
601 2160 634 2191 τί
650 2160 740 2198 vulg.
861 2169 898 2198 17
926 2159 1112 2200 ἐξετάσαιτε
1132 2158 1161 2188 D
1182 2170 1188 2188 ε
1215 2157 1386 2197 ἐξετάσετε
1406 2156 1471 2186 SA
1489 2167 1497 2186 τ

172 2203 358 2244 ἐξετάσεται
378 2203 444 2242 FQ
602 2204 643 2235 τὰ
660 2202 812 2244 χρήματα
829 2202 895 2233 SA
907 2203 955 2233 D:
981 2203 1014 2232 in
1029 2216 1081 2243 γρ.
1103 2202 1128 2232 F
1141 2201 1171 2240 Q
1189 2212 1196 2231 z
1221 2200 1284 2232 del.
1303 2200 1409 2230 Blass.
1429 2209 1495 2229 non

171 2246 271 2278 habet
288 2247 334 2277 lvi
351 2248 393 2285 46
532 2257 574 2277 20
596 2246 695 2285 μόνον
711 2256 774 2277 om.
794 2246 860 2285 ΡΩ
876 2246 905 2276 D
1050 2245 1211 2277 ἀπέδωκεν
1228 2244 1251 2274 S
1265 2254 1273 2274 :
1300 2243 1498 2275 ἀποδέδωκεν

170 2290 260 2329 vulg.
394 2300 431 2320 21
461 2292 535 2328 ἐνῆν
553 2290 767 2320 Herwerden
784 2302 790 2320 :
818 2292 890 2330 ἐξῆν
911 2289 934 2319 S
951 2289 1039 2328 vulg.
1056 2300 1063 2318 t
1089 2288 1128 2326 ἧν
1144 2288 1186 2327 Α,
1205 2287 1244 2318 cf.
1262 2297 1308 2317 xx
1325 2298 1344 2316 2
1362 2288 1436 2323 ἐνῆν
1453 2285 1497 2317 S:

171 2333 211 2372 ἦν
226 2333 268 2374 A,
291 2334 361 2364 xliv
376 2335 418 2373 58
537 2344 578 2372 23
601 2334 706 2374 τούτῳ
722 2334 836 2364 codd.:
862 2343 947 2364 corr.
967 2333 1064 2363 Blass
1198 2342 1239 2369 24
1262 2331 1295 2372 γ’
1314 2335 1389 2370 post
1405 2329 1499 2371 ἑτέρᾳ

172 2378 246 2409 add.
267 2377 319 2408 A:
344 2389 407 2409 om.
427 2383 518 2417 cett.‚
540 2378 641 2407 etiam
661 2377 741 2416 Pap.
763 2377 949 2407 Bodleiana
969 2376 1008 2407 fr.
1027 2387 1066 2416 47

1521 100 1645 156 [907]
