1685 2772
177 1133 194 1164 5

155 1415 194 1436 10

154 2056 192 2077 20

842 481 928 521 XL

363 605 526 655 ΠΡΟΣ
586 609 862 652 ΒΟΙΩΤΟΝ
923 609 1067 650 ΠΕΡΙ
1129 602 1406 653 ΠΡΟΙΚΟΣ

718 694 1039 742 ΜΗΤΡΩΙΑΣ

769 832 983 861 ΤΠΟΘΕΣῙΣ-

270 908 345 945 Καὶ
366 925 469 948 ουτος
488 909 588 957 παρὰ
607 910 672 945 τοῦ
693 909 803 944 αὐτοὶῗ1
820 924 879 943 και
899 906 990 954 πρὸς
1008 906 1072 944 τὸν
1092 908 1202 945 αἰτὸν
1217 908 1236 944 ὁ
1257 905 1371 957 λόγος
1392 921 1540 954 ειρηται.

216 962 276 999 καὶ
294 963 340 999 τὰ
359 963 426 1011 μὲν
446 963 546 999 ἄλλα
561 962 681 999 πάντα
698 962 824 1005 ταίτά,
841 962 864 1009 ἡ
884 961 1117 1010 Πλαγγών,ε
1102 980 1121 999 ο
1142 962 1258 1010 ὅρκος,
1272 961 1295 1008 ἡ
1315 962 1386 997 τῶν
1405 958 1544 996 παίδων

215 1017 396 1066 ἀναγκαία
414 1017 574 1064 ποίησις.
634 1015 882 1054 ἀποθανόντος
903 1014 942 1051 δὲ
961 1016 1024 1051 τοῦ
1046 1016 1225 1061 Μαντιου,
1249 1016 1283 1052 οἱ
1301 1013 1464 1052 ramos*
1443 1029 1544 1053 οντες

214 1071 318 1118 τρεῖς,
349 1069 558 1109 Μαντίθεος
592 1071 611 1107 ὃ
650 1073 688 1107 ἐκ
716 1071 781 1118 τῆς
814 1070 912 1118 νόμῳ
938 1068 1171 1120 γαμηθείσης
1202 1086 1261 1106 και
1294 1067 1454 1107 Βοιωτὸς
1482 1068 1542 1105 καὶ

215 1124 420 1173 Πάμφιλος
433 1125 467 1161 οἶ
483 1127 522 1161 ἐκ
533 1126 599 1173 τῆς
613 1124 882 1175 Πλαγγόνος,’
867 1123 1037 1172 ενέμοντο
1050 1124 1116 1172 τὴν
1130 1124 1271 1161 οὗσιαν.
1329 1123 1543 1170 φάσκοντος

215 1178 253 1216 δὲ
280 1181 345 1216 τοῦ
374 1178 585 1216 Μαντιθέου
613 1179 748 1227 προῖκα
778 1180 891 1228 ἑαυτῷ
921 1193 1094 1227 μητρῳαν
1122 1177 1353 1226 ὀφείλεσθαι,
1384 1177 1543 1216 Βοιωτὸς

214 1234 273 1271 καὶ
312 1234 519 1282 Παμφιλος
558 1232 618 1270 καὶ
655 1232 758 1269 αὐτοι
796 1231 947 1281 προικὸς
985 1232 1268 1282 ἠμφισβήτουν.
1303 1233 1349 1271 ὡς
1388 1232 1447 1269 καὶ
1477 1233 1542 1280 τῆς

214 1288 440 1340 Πλαγγόνος
480 1287 782 1338 εἷσενεγκαμένης
822 1288 871 1325 εἷς
907 1286 972 1323 τὸν
1011 1286 1110 1324 οἶκον
1147 1289 1212 1324 τοῦ
1251 1286 1418 1324 Μαντίου
1448 1289 1542 1335 μνᾶς

213 1344 352 1381 ἑκατόν.
411 1341 605 1386 συνέδοξεν
635 1340 697 1378 οὖν
726 1342 848 1380 αὐτοῖς
878 1340 1075 1389 νείμασθαι
1106 1340 1212 1379 πάντ’
1241 1340 1295 1378 ἐπ’
1328 1341 1411 1389 ἴσης
1440 1340 1541 1389 πλὴν

211 1398 277 1445 τῆς
295 1397 420 1441 οἰκίας,
444 1396 486 1435 ἵν’
513 1396 698 1445 ὁποτέρων
720 1394 764 1433 ἂν
783 1395 806 1443 ἡ
825 1395 949 1444 μήτηρ
976 1397 1080 1445 φανῇ
1104 1395 1221 1445 προῖκ’
1248 1395 1540 1447 εἷσενεγκαμένη,

212 1452 354 1491 τούτοις
392 1453 464 1489 ἀπὸ
503 1453 568 1500 τῆς
608 1451 723 1490 οἰκίας
759 1449 926 1499 ἀποδοθῇ
957 1450 1000 1487 τὸ
1033 1451 1214 1502 ἀργύριον,
1252 1451 1310 1488 καὶ
1340 1450 1441 1498 πλὴν
1471 1452 1542 1487 τῶν

213 1504 458 1554 ἀνδραπόδων,
488 1506 585 1545 ὅπως
618 1506 652 1542 οἱ
685 1505 769 1555 περὶ
797 1505 861 1542 τὸν
896 1506 1067 1550 Βοιωτόν,
1090 1507 1152 1543 ἐὰν
1182 1505 1383 1554 ἐπιζητῶσί
1408 1521 1443 1542 τι
1470 1507 1541 1542 τῶν

213 1559 326 1601 ἔνδον,
348 1561 484 1610 ἔχωσιν
511 1562 678 1612 ἔλεγχον.
739 1561 833 1610 μετὰ
862 1559 962 1598 ταῦτ’
991 1561 1282 1598 ἀντενεκάλεσαν
1309 1560 1500 1608 ἀλλήλοις,
1521 1559 1541 1596 ὁ

211 1616 279 1663 μὲν
299 1614 508 1654 ὒῙαντίθεος
526 1617 618 1664 ὑπὲρ
644 1617 710 1664 τῆς
738 1613 908 1667 μητρῴας
938 1615 1075 1655 οὐσίας.
1100 1616 1228 1652 ἐκεῖνοι
1254 1612 1283 1651 δ’
1301 1615 1392 1663 ὑπὲρ
1416 1615 1542 1651 ἄλλων

212 1672 327 1706 τινῶν.
388 1670 447 1706 καὶ
468 1670 487 1707 ὃ
508 1669 692 1719 διαιτητὴς
715 1670 926 1708 Μαντιθέου
953 1671 1021 1718 μὲν
1045 1668 1292 1717 ἀπεδιαίτησε,
1316 1670 1477 1706 Βοιωτοῦ
1504 1667 1542 1705 δὲ

214 1723 488 1772 κατεδιαίτησεν
508 1725 656 1773 ἐρήμην.
718 1725 899 1776 λαγχάνει
927 1723 970 1771 δὴ
991 1723 1199 1763 Μαντίθεος
1226 1723 1285 1760 καὶ
1306 1725 1354 1762 εἷς
1378 1722 1421 1761 τὸ
1442 1722 1540 1760 δικα-

213 1778 364 1827 στήριον
384 1779 478 1829 αὐτῷ
499 1778 566 1826 τὴν
586 1778 699 1826 αὐτὴν
722 1778 834 1828 δίκην,
860 1781 1021 1815 ἀπαιτῶν
1043 1777 1110 1826 τὴν
1128 1779 1273 1827 προῖκα.

281 1908 450 1948 Πάντων
478 1909 588 1949 ἐστὶν
614 1909 884 1960 ἀνιαρότατον,
915 1906 944 1947 ὦ
978 1908 1115 1961 ἄνδρες
1143 1909 1336 1954 δικασταί,
1363 1908 1458 1947 ὅταν
1481 1923 1540 1949 τις

213 1975 374 2026 ὀνόματι
388 1977 460 2025 μὲν
477 1975 653 2028 ἀδελφὸς
673 1977 973 2030 προσαγορευθῇ
989 1979 1118 2021 τινῶν,
1140 1979 1192 2029 τῷ
1210 1975 1242 2015 δ’
1260 1975 1359 2028 ἔργῳ
1377 1974 1541 2026 ἐχθροὺς

213 2041 284 2097 ἔχῃ
310 2042 483 2088 τούτους,
512 2043 574 2082 καὶ
608 2040 872 2093 ἀναγκάζηται
905 2043 1038 2081 πολλὰ
1070 2042 1131 2081 καὶ
1168 2044 1275 2082 δεινὰ
1306 2041 1440 2081 παθὼν
1475 2040 1539 2081 ὑπ’

212 2108 339 2148 αὐτῶν
359 2109 526 2149 εἰσιέναι
547 2110 601 2149 εἷς
621 2107 887 2159 δικαστήριον,
915 2107 936 2147 ὃ
962 2111 1029 2148 νῦν
1055 2108 1141 2159 ἐμοὶ
1161 2107 1434 2159 συμβέβηκεν.
1494 2108 1537 2147 οὐ

256 2217 395 2248 Titulus.
418 2218 499 2258 Πρὸς
518 2217 655 2248 Βοιωτὸν
678 2216 786 2253 codd.‚
807 2215 976 2255 Harpoer.
999 2226 1025 2247 s.
1041 2227 1070 2248 v.
1089 2217 1285 2257 Δελφίνιονι
1312 2217 1437 2248 rectius
1457 2217 1538 2258 Πρὸς

215 2262 393 2293 Μαντίθεον
409 2260 551 2299 Dionys.
568 2259 644 2290 Hal.
656 2260 726 2300 περὶ
740 2265 824 2291 Δειν.
838 2269 910 2298 cap.
927 2269 976 2298 13,
992 2259 1031 2290 cs.
1046 2261 1061 2296 ξ
1083 2261 1121 2290 18
1138 2261 1224 2291 infra
1293 2263 1363 2303 περὶ
1382 2261 1405 2292 S
1418 2261 1516 2291 Dion.
1531 2271 1538 2290 z

214 2304 290 2346 ὑπὲρ
306 2304 395 2343 vulg.
462 2302 610 2344 μητρῴας
628 2313 692 2333 οῐῐι.
713 2302 738 2332 F
753 2302 782 2332 D
796 2302 820 2333 S
841 2302 942 2333 Dion.
963 2303 982 2333 l.
1000 2314 1028 2333 c.
1047 2315 1054 2334 z
1078 2304 1153 2334 add.
1173 2303 1205 2334 A
1293 2304 1538 2344 Argumentum

213 2357 232 2377 a
249 2358 292 2379 m.
306 2358 373 2378 rec.
389 2347 488 2377 habet
507 2346 530 2376 S
601 2356 615 2375 1
641 2346 725 2386 παρὰ
736 2345 848 2376 Wolf:
872 2347 942 2388 περὶ
960 2347 1055 2377 codd.
1143 2356 1162 2386 5
1187 2349 1215 2378 οἱ
1233 2347 1381 2378 Reiske:
1405 2351 1420 2379 ὁ
1437 2348 1536 2379 codd.

218 2401 256 2430 13
279 2392 362 2430 μετὰ
380 2390 447 2420 FD
461 2389 506 2421 S:
530 2391 613 2430 μετὰ
629 2389 665 2421 δὲ
683 2389 812 2420 Reiske
904 2392 944 2420 16
968 2391 1005 2429 δὴ
1023 2390 1047 2420 S
1062 2390 1113 2420 D:
1138 2390 1173 2422 δὲ
1191 2391 1216 2421 F
1304 2401 1343 2421 21
1369 2391 1404 2432 ὃ]
1421 2391 1538 2432 ὅπερΑ

1572 1502 1685 1558 [10οὲ
