1685 2772
93 987 219 1044 [994]

202 1114 218 1125 η

202 1129 219 1136 ⁴.

814 416 1024 458 XXXIX

289 542 451 591 ΠΡΟΣ
505 546 782 589 ΒΟΙΩΤΟΝ
834 547 978 590 ΠΕΡΙ
1029 548 1149 590 TOT
1198 546 1541 593 ΟΝΟΜΑΤΟΣ

811 697 1028 727 ΤΠΟΘΕΣΙΣ.

305 769 484 813 Μαντίας,
518 769 566 810 εἷς
598 772 669 808 τῶν
698 772 1027 820 πολιτευσαμένων
1054 770 1249 820 Ἀθήνησι,
1279 771 1402 822 γήμας
1432 773 1587 823 γυναῖκα

252 826 344 862 κατὰ
363 824 448 864 τοὺς
469 824 602 874 νόμους
623 827 663 862 ἐκ
682 825 817 873 ταύτης
836 824 936 863 παῖδ’
957 826 1142 875 ἐκτήσατο
1155 826 1220 864 τὸν
1240 826 1317 863 νυνὶ
1334 826 1583 875 δικαζόμενον.

249 877 409 930 προσῄει
448 878 488 916 δέ
519 896 589 917 τινι
629 880 829 930 Πλαγγόνι
868 879 946 918 κατ’
982 881 1157 930 ἐρωτικὴν
1191 880 1398 930 ἐπιθυμίαν,
1435 879 1588 931 Ἀττικῇ

248 935 404 1003 γυναικί.
463 933 596 984 ταύτης
627 933 678 971 δύ’
707 936 793 974 υἱεῖς
828 935 1070 984 ἀνδρωθέντες
1101 935 1310 981 ἐδικάζοντο
1342 939 1392 986 τῷ
1422 935 1582 986 Μαντίᾳ,

250 991 386 1027 ἑαυτῶν
422 1006 511 1027 euzae
542 989 686 1038 πατέρα
719 990 942 1037 φάσΚΟνΤΕς”
981 1007 1000 1028 0
1036 989 1064 1027 δ
1094 991 1301 1042 ἀνΤέλΕγξν.
1361 1007 1460 1027 ΕπΕιΤ
1499 992 1583 1027 ἀνα·
1605 1010 1623 1042 5

247 1045 438 1094 λαμβάνει
466 1061 550 1084 τους
580 1044 712 1083 παῖδας
747 1044 994 1095 ἀναγκασθεὶς
1028 1046 1093 1081 ἀπ’
1125 1044 1216 1084 ἰδίας
1251 1045 1505 1094 προκλήσεως
1540 1043 1585 1093 ἢν

248 1099 447 1148 ἀπατηθεις
482 1099 699 1147 ἐποιησατο.
758 1099 1045 1148 προύκαλέσατο
1078 1100 1146 1148 μὲν
1183 1100 1256 1150 γὰρ
1288 1098 1356 1146 τὴν
1390 1098 1586 1151 Πλαγγόν’

247 1154 384 1203 ὀμόσαι
404 1154 578 1203 περὶτῶν
606 1153 758 1198 παίδων,
783 1156 814 1191 εἰ
841 1154 952 1193 ὄντως
980 1154 1073 1191 εἰσὶν
1101 1154 1142 1199 ἐξ
1167 1155 1289 1197 αὐτοῦ,
1310 1154 1581 1203 ὑποσχόμενος,

246 1211 277 1246 εἷ
306 1209 487 1259 ὀμόσειεν,
520 1211 689 1258 ἐμμενεῖν
718 1211 767 1259 τῷ
799 1207 907 1259 ὅρκῳ·
946 1209 1234 1257 προύκαλέσατο
1263 1206 1293 1245 δ’
1313 1207 1512 1256 ἀπατηθεὶς
1537 1210 1584 1247 ὡς

247 1265 289 1300 οὗ
310 1264 503 1313 δεξομένης
522 1264 586 1301 τὸν
606 1263 715 1313 ὅρκον
735 1264 800 1311 τῆς
820 1263 1003 1314 γυναικός·
1032 1264 1123 1312 ὑπὲρ
1138 1263 1269 1300 τούτου
1284 1279 1356 1313 γαρ
1371 1279 1432 1299 και
1419 1262 1585 1312 μισθὸν

247 1320 340 1369 αὐτῇ
360 1319 498 1369 συχνὸν
519 1317 782 1370 ἐπηγγειλατο.
845 1319 891 1357 ὡς
912 1317 951 1355 δε
971 1319 1126 1366 φησιν
1111 1335 1130 1354 ο
1151 1317 1214 1355 τὸν
1234 1317 1351 1368 λόγον
1370 1318 1501 1368 λέγων,
1525 1318 1584 1355 καὶ

246 1374 430 1422 ὀμωμόκει
454 1375 477 1423 ἡ
507 1374 700 1424 Πλαγγὼν
728 1374 823 1423 αὐτῷ
855 1371 977 1422 λάθρᾳ
1001 1372 1283 1421 προτεινόμενον
1301 1372 1366 1409 τὸν
1395 1371 1503 1421 ὅρκον
1529 1372 1582 1422 μὴ

246 1427 428 1473 δέξεσθαι.
503 1412 836 1477 προκαλεσαμένόυ
882 1444 1005 1464 τοινυν
1046 1427 1257 1476 παραβᾶσα
1294 1427 1359 1466 τὰς
1397 1426 1583 1475 συνθήκας

246 1482 390 1533 δέχεται
427 1483 491 1520 τὸν
529 1482 648 1532 ὅρκον.
710 1483 770 1520 καὶ
806 1482 919 1521 οὕτως
957 1483 1026 1531 μὲν
1061 1483 1306 1533 ἀναγκάζεται
1339 1481 1423 1521 τοὺς
1452 1481 1584 1521 παῖδας

247 1538 463 1586 ἀναλαβεῖν,
485 1539 580 1587 μετὰ
602 1540 711 1575 τοῦτο
736 1537 774 1575 δὲ
802 1537 1073 1585 τετελεύτηκεν.
1134 1538 1153 1573 ὁ
1179 1537 1301 1574 τοίνυν
1327 1538 1366 1573 ἐκ
1391 1537 1457 1584 τῆς
1484 1536 1584 1587 νόμῳ

244 1592 479 1643 γαμηθείσης
498 1593 668 1643 γυναικὸς
688 1593 773 1632 παῖς
795 1591 979 1637 δικάζεται
999 1594 1049 1641 τῷ
1078 1591 1186 1643 ἑτέρῳ
1206 1593 1278 1629 τῶν
1299 1590 1584 1639 εἰσποιηθέντων

245 1646 328 1695 περὶ
356 1649 421 1685 τοῦ
449 1647 638 1696 ὀνόματος,
660 1647 782 1699 λέγων
813 1647 923 1684 αὐτὸν
953 1646 1118 1684 Βοιωτὸν
1145 1645 1340 1683 καλεῖσθαι
1366 1645 1580 1694 προσήκειν,

246 1701 336 1750 ὅπερ
366 1703 406 1747 ἐξ
433 1703 548 1752 ἀρχῆς
577 1703 796 1752 ὠνομάζετο,
822 1701 880 1738 καὶ
907 1701 959 1751 μὴ
991 1700 1215 1739 Μαντίθεον·
1249 1702 1358 1738 τοῦτο
1386 1701 1458 1752 γὰρ
1487 1701 1582 1751 αὑτῷ

244 1757 345 1804 παρὰ
364 1759 428 1794 τοῦ
449 1757 585 1806 πατρὸς
605 1756 646 1800 ἐξ
671 1758 787 1807 ἀρχῆς
811 1756 1000 1794 τεθεῖσθαι
1027 1756 1200 1804 τοῦνομα.
1259 1754 1413 1793 αὐτόθεν
1431 1756 1499 1804 μὲν
1520 1754 1584 1792 οὖν

245 1810 381 1854 δόξειεν
410 1811 452 1848 ἄν
481 1828 535 1851 τις
563 1813 841 1863 φιλοπράγμων
872 1811 932 1847 καὶ
962 1811 1174 1858 φιλόνεικος
1203 1811 1296 1860 ὑπὲρ
1322 1812 1583 1861 προσηγοριῶν

244 1864 516 1915 διαφερόμενος·
557 1867 576 1904 ὁ
605 1867 731 1915 μέντοι
761 1866 876 1917 λόγος
913 1866 1036 1904 ἱκανὰς
1065 1864 1269 1910 ἀποδείξεις
1292 1865 1492 1915 παρέχεται
1517 1866 1582 1901 τοῦ

245 1920 304 1957 καὶ
325 1920 487 1971 δημοσία
508 1921 567 1958 καὶ
588 1921 659 1971 ἰδίᾳ
678 1921 881 1970 βλαβερὰν
904 1919 994 1958 εἶναι
1014 1920 1081 1968 τὴν
1098 1920 1321 1969 ὁμωνυμίαν.

311 2031 487 2087 Οὐδεμιᾷ
512 2032 875 2088 φιλοπραγμοσύνῃ
900 2033 954 2082 μὰ
978 2031 1067 2072 τοὺς
1100 2031 1224 2076 θεούς,
1252 2028 1281 2070 ὦ
1307 2029 1446 2082 ἄνδρες
1470 2032 1577 2070 δικα-

247 2100 352 2145 σταί,
387 2099 457 2150 τὴν
496 2100 604 2150 δίκην
642 2100 788 2150 ταύτην
827 2098 977 2152 ἔλαχον
1015 2102 1188 2153 Βοιωτῷ,
1218 2097 1297 2138 οὐδ’
1322 2097 1492 2150 ἠγνόουν
1521 2097 1581 2137 ὅτι

287 2210 430 2241 Titulus.
443 2212 521 2251 Πρὸς
538 2210 678 2242 Βοιωτόν
693 2210 803 2248 codd„
818 2209 997 2248 Harpocr.‚
1014 2209 1154 2248 Dionys.
1172 2209 1249 2240 Hal.
1263 2210 1330 2249 περὶ
1342 2215 1426 2241 Δειν.
1438 2219 1509 2248 cap.
1522 2218 1575 2247 13:
1593 2204 1596 2206 ³

244 2255 344 2284 immo
370 2255 458 2286 Κατὰ
486 2257 635 2287 Βοιωτοῦ,
661 2254 701 2284 cf.
730 2253 833 2291 Lipsii
861 2253 929 2282 Das
954 2253 1112 2282 Attische
1139 2253 1262 2289 Recht,
1288 2263 1343 2291 pp.
1369 2253 1487 2291 247-8,
1514 2253 1579 2282 660

242 2297 327 2339 περὶ]
347 2297 423 2339 ὑπὲρ
445 2298 586 2335 Dionys.
600 2298 619 2328 l.
634 2308 661 2328 e.
737 2297 985 2334 Argumentum
1004 2307 1022 2325 a
1041 2307 1081 2326 m.
1096 2306 1163 2326 rec.
1177 2296 1278 2326 habet
1297 2295 1320 2325 S
1433 2297 1452 2326 8
1477 2298 1575 2327 αὐτοῦ

245 2341 274 2370 D
294 2341 423 2381 (Wolfw
441 2353 445 2372 ς
474 2343 571 2378 αὐτῆς
590 2340 615 2370 F
629 2340 652 2370 S
786 2350 807 2378 9
833 2342 980 2379 ἐμμενεῖν
999 2339 1097 2369 Blass
1113 2350 1119 2369 :
1146 2339 1292 2378 ἐμμένειν
1310 2340 1407 2371 codd.
1539 2349 1577 2377 13

243 2384 387 2425 δέξεσθαι
410 2384 571 2415 Schaeser
587 2395 594 2414 :
620 2383 765 2423 δέξασθαι
784 2383 880 2413 codd.
1043 2392 1080 2420 15
1105 2385 1202 2414 τοῦτο
1221 2382 1254 2413 δὲ
1273 2383 1298 2412 F
1311 2382 1341 2412 D
1357 2383 1380 2412 S
1396 2394 1403 2412 z
1429 2383 1463 2414 δὲ
1479 2385 1576 2414 τοῦτο

242 2428 367 2458 Aldina
462 2429 499 2458 18
525 2430 608 2468 αὐτῷ
628 2428 652 2457 F
665 2427 688 2457 S
779 2437 818 2465 24
842 2426 966 2465 ταύτην
984 2427 1105 2466 ἔλαχον
1124 2426 1147 2456 S
1163 2438 1168 2457 :
1196 2427 1319 2467 ἔλαχον
1335 2428 1470 2464 ταυτηνὶ
1484 2426 1571 2465 vulg.

1607 1281 1646 1303 10

1606 1553 1640 1586 15

1604 1824 1643 1846 20
