1685 2772
63 145 181 202 [842]
287 142 772 182 ΔΗΜΟΣΘΕΝΟΎΣ
819 139 950 180 ΚΑΤ’
995 141 1247 180 ΑΦΟΒΟΎ*
1292 142 1323 179 Β
1391 135 1545 192 [xxvm

61 253 182 311 [843]
210 254 330 311 ταύτῃ
360 254 620 306 ψηφίσασθε.
706 253 861 294 πίστεις
889 251 923 293 δ’
949 250 1057 305 ἔχεθ’
1079 252 1219 293 ἱκανὰς
1253 252 1295 292 ἐκ
1323 251 1543 304 μαρτύρων,

211 324 252 362 ἐκ
289 321 522 372 τεκμηρίων,
562 321 603 360 ἐκ
640 323 718 360 τῶν
756 320 929 366 εἰκότων,
966 316 1013 368 ἐξ
1041 318 1096 358 ὧν
1129 318 1238 359 οὗτοι
1267 321 1415 369 λαβεῖν
1451 319 1543 369 ὁμο-

209 392 421 441 λογοῦντες
448 387 573 439 ἁθρόα
598 386 714 437 τάμά,
742 386 848 426 ταῦτ’
869 385 1117 436 ἀνηλωκέναι
1141 387 1271 437 φασὶν
1295 385 1366 426 οὐκ
1388 386 1544 435 ἀνηλω-

137 474 181 507 24
211 456 333 501 κότες,
368 454 461 494 ἀλλ’
494 453 602 493 αὐτοὶ
635 452 748 493 πάντ’
781 452 956 506 ἔχοντες.
1039 453 1095 494 ὧν
1123 451 1437 503 ἐνθυμουμένους
1469 452 1545 506 χρὴ

211 520 459 572 ποιήσασθαί
480 519 552 560 τιν’
575 520 684 570 ἡμῶν
712 519 913 571 πρόνοιαν,
936 520 1088 560 εἰδότας
1113 519 1178 559 ὅτι
1204 520 1282 571 ἐγὼ
1306 521 1379 570 μὲν
1404 520 1546 570 τάμαυ-
1567 535 1584 566 5

210 592 278 629 τοῦ
318 587 365 628 δι’
408 589 515 638 ὑμῶν
556 586 820 637 κομισάμενος
863 587 1022 627 εἰκότως
1069 590 1304 642 λῃτουργεῖν
1348 584 1544 636 ἐθελήσω,

210 654 375 709 χάριτας
398 655 578 707 ὀφείλων
602 654 661 693 ὅτι
686 670 753 704 μοι
778 655 935 695 δικαίως
965 653 1132 693 ἀπέδοτε
1157 653 1229 703 τὴν
1252 653 1406 699 οὐσίαν,
1432 653 1548 694 οὗτος

211 722 257 769 δ’,
297 723 365 762 ἐὰν
401 720 519 762 αὐτὸν
556 719 750 770 ποιήσητε
785 724 864 760 τῶν
904 721 1006 771 ἐμῶν
1047 720 1188 771 κύριον,
1232 721 1347 761 οὐδὲν
1387 718 1550 770 ποιήσει

210 792 402 830 τοιοῦτον.
473 787 527 839 μὴ
547 789 623 840 γὰρ
644 787 769 828 οἴεσθ’
786 787 917 833 αὐτόν,
938 788 1036 838 ὑπὲρ
1055 788 1111 827 ὧν
1132 786 1297 839 ἤρνηται
1315 786 1367 838 μὴ
1386 791 1546 838 λαβεῖν,

210 858 310 909 ὑπὲρ
333 856 481 897 τούτων
506 855 596 905 ὑμῖν
622 858 859 911 λῃτουργεῖν
885 852 1107 904 ἐθελήσειν,
1127 853 1220 894 ἀλλ’
1239 854 1548 906 ἀποκρύψεσθαι
1572 876 1609 899 10

212 927 382 976 μᾶλλον,
410 924 474 963 ἵνα
499 923 655 964 δικαίως
684 921 1011 974 ἀποπεφευγέναι
1034 924 1141 978 δοκῇ.

259 1043 272 1064 1
299 1034 483 1075 ψηφίσασθε
501 1032 578 1063 edd.
594 1031 692 1062 Turr.
713 1043 720 1063 :
745 1031 932 1072 ψηφίσησθε
951 1031 996 1062 S:
1023 1030 1259 1072 διαψηφίσασθε
1276 1031 1365 1071 vulg.
1528 1042 1548 1061 2

215 1077 262 1119 ἐξ]
280 1081 346 1109 τῶν
363 1079 395 1118 ἐξ
412 1077 436 1107 S
455 1078 536 1116 (τῶν
554 1075 690 1116 punctis
709 1075 874 1115 deletum)
1009 1080 1085 1114 post
1107 1073 1197 1106 οὗτοι
1218 1083 1303 1108 sscr.
1326 1075 1387 1113 μὲν
1409 1074 1436 1106 S
1459 1084 1544 1106 corr.

214 1123 447 1162 ὁμολογοῦντες
466 1120 509 1151 S:
539 1122 756 1161 ὁμολογοῦσιν
774 1124 854 1150 cett.
960 1128 981 1157 3
1004 1119 1095 1150 ταῦτ’
1112 1118 1154 1149 S:
1178 1120 1282 1151 ταῦτα
1298 1119 1333 1150 δὲ
1350 1122 1429 1149 cett.
1527 1129 1550 1157 9

213 1165 357 1195 alterum
375 1165 418 1203 μὴ
434 1173 500 1194 om.
523 1163 554 1193 A
691 1173 730 1193 10
756 1161 991 1204 ἀποκρύψεσθαι
1010 1162 1156 1193 Reiske:
1182 1161 1420 1203 ἀποκρύψασθαι
1437 1162 1536 1192 codd.

260 1208 298 1238 In
317 1207 341 1239 S
358 1206 584 1247 subscriptum

732 1254 838 1283 ΠΡΟΣ
870 1255 1034 1282 ΑΦΟΒΟΝ

763 1298 790 1325 O
821 1297 1001 1326 ’ΥΣΤΕΡΟΣ

791 1335 968 1368 ἷΠΤίᾸᾸᾸᾸ

869 1385 896 1427 ¹}
