1645 2742
613 175 1083 218 PRAEFATIO

184 292 310 333 unius
337 291 635 333 testimonium
662 296 812 331 contra
838 295 1078 329 ceterorum
1108 300 1361 329 consensum
1388 298 1511 338 prae-

184 361 299 402 valet
330 361 575 401 sescenties,
636 360 738 399 testi
774 365 921 399 tamen
950 358 1020 397 vel
1055 355 1393 409 locupletissimo
1427 368 1512 394 non

185 432 333 482 utique
363 428 471 470 fides
499 428 730 468 habenda:
761 440 901 478 neque
933 426 1075 466 codex
1109 424 1177 464 ille
1207 423 1422 464 Parisinus
1453 422 1513 462 ita

186 497 313 551 longe
354 499 549 550 optimus
597 503 645 537 ut
688 496 860 537 Cobeto
911 501 1089 535 auctore
1141 499 1308 533 ceteros
1361 504 1512 532 omnes

184 567 435 607 abiciamus
482 564 702 606 Cobetum
719 565 985 618 redarguunt
1002 563 1069 603 vel
1084 562 1241 615 papyri
1262 575 1374 615 quae
1395 560 1513 600 velut

186 636 287 675 novi
318 636 495 688 quidam
528 648 586 674 ex
617 632 763 673 inseris
794 633 976 673 excitati
1013 638 1145 672 testes
1176 638 1223 671 ut
1259 631 1514 683 plerumque

187 719 283 744 cum
307 704 502 744 Parisino
533 703 595 744 ita
626 715 953 755 nonnumquam
985 709 1136 742 contra
1167 714 1265 740 eum
1295 699 1515 749 facientes,

187 787 271 813 non
290 773 467 826 impune
489 772 661 826 neglegi
683 772 882 813 codicum
905 771 1167 811 deteriorum
1190 770 1424 822 scripturas
1441 769 1515 808 de-

187 843 365 883 clarant.
406 841 448 881 in
466 842 710 881 universum
728 854 832 881 sane
848 839 1124 880 sinceriorem
1142 846 1315 880 textum
1333 836 1515 877 exhibet

189 911 432 951 Parisinus:
473 909 878 962 interpolationibus
916 921 1054 960 paene
1090 914 1232 948 caret:
1274 907 1328 947 ad
1366 918 1516 945 exem-

190 979 326 1033 plaria
365 979 549 1032 antiqua
583 978 764 1031 propius
795 976 981 1018 accedit.
1043 976 1262 1017 audienda
1293 982 1443 1016 tamen
1473 980 1515 1013 et

189 1048 324 1089 altera
340 1062 453 1101 pars.
494 1047 642 1100 itaque
656 1058 1011 1097 unamquamque
1026 1044 1256 1085 lectionem
1271 1042 1515 1084 aestimanti

190 1131 247 1157 ex
288 1117 445 1157 Graeci
484 1114 696 1156 sermonis
735 1113 986 1166 cognitione
1025 1120 1161 1166 atque
1206 1112 1391 1153 oratoris
1438 1126 1515 1151 usu

191 1185 397 1237 loquendi
425 1183 749 1225 diiudicandum
780 1187 858 1223 est.
920 1181 993 1222 ubi
1015 1195 1084 1221 res
1106 1194 1194 1221 non
1214 1181 1360 1233 liquet,
1384 1180 1517 1220 tutius

190 1255 352 1307 ubique
381 1253 626 1294 Parisinum
657 1250 794 1303 sequi.
872 1249 988 1290 hunc
1012 1264 1095 1303 ego
1120 1250 1410 1304 phototypiee
1438 1263 1516 1289 ex-

192 1336 388 1378 pressum
411 1322 555 1362 denuo
576 1320 742 1361 contuli
766 1319 898 1371 idque
920 1333 1008 1359 non
1030 1319 1122 1358 sine
1139 1319 1284 1372 aliquo
1307 1318 1460 1359 fructu.

250 1391 484 1433 Proximus
514 1389 616 1430 huic
645 1389 723 1429 sed
752 1387 887 1440 longo
918 1387 1146 1427 intervallo
1178 1386 1334 1428 Codex
1362 1387 1518 1440 Augu-

191 1469 340 1502 stanus
361 1460 421 1501 A.
480 1458 774 1512 compluribus
798 1458 840 1498 in
863 1457 968 1496 locis
991 1457 1201 1498 sinceram
1228 1465 1270 1498 et
1294 1458 1518 1511 antiquam

192 1531 423 1572 lectionem
452 1528 522 1569 hic
551 1529 660 1568 liber
686 1527 805 1569 solus
834 1526 1031 1567 servavit.
1091 1524 1345 1580 vulgatam¹
1372 1532 1520 1567 tamen

194 1600 446 1640 memoriam
470 1598 640 1639 fidelius
660 1602 969 1650 repraesentat,
984 1595 1264 1636 multifariam
1280 1595 1520 1648 antiquitus

194 1676 442 1721 corruptam
469 1673 515 1708 et
546 1665 865 1719 interpolatam.
927 1664 1056 1705 huius
1076 1672 1251 1706 textum
1274 1664 1518 1705 scholarum

194 1739 236 1778 in
265 1750 390 1777 usum
418 1737 677 1789 castigatum
705 1748 800 1774 esse
824 1731 894 1774 vel
922 1733 1025 1773 inde
1053 1740 1172 1787 patet
1201 1735 1321 1786 quod
1348 1734 1520 1787 saepius

193 1807 491 1860 deprehendas
506 1803 719 1845 sermonis
732 1802 1009 1855 exaequandi
1025 1809 1066 1842 et
1083 1802 1298 1854 levigandi
1312 1803 1519 1844 studium.

195 1889 273 1916 nee
310 1888 399 1915 non
440 1873 710 1928 deprehendi
751 1878 899 1925 potest
941 1870 1016 1911 illa
1056 1884 1234 1923 quoque
1277 1871 1520 1925 corrigendi

196 1944 304 1984 ratio
319 1943 335 1967 2
356 1950 402 1983 ut
421 1943 652 1983 immutato
668 1941 899 1981 verborum
915 1939 1237 1988 ordine‚ve1·bis
1258 1939 1328 1980 vel
1350 1940 1521 1980 omissis

193 2012 261 2053 vel
283 2012 508 2053 inculcatis
522 2024 754 2052 concursus
778 2009 992 2050 vocalium
1016 2007 1263 2061 effugiatur.
1322 2009 1519 2049 codicem

196 2083 286 2135 ipse
309 2080 485 2121 contuli.

254 2148 478 2207 [Sequitur
501 2148 716 2188 Parisinus
746 2161 786 2186 r:
819 2160 946 2198 quem
971 2160 1026 2186 ex
1049 2145 1314 2197 Augustano
1337 2147 1522 2200 pendere

195 2219 262 2258 vel
313 2218 413 2257 inde
463 2216 681 2270 colligitur
731 2216 849 2268 quod
901 2215 1144 2254 orationem
1197 2215 1429 2267 septimam
1477 2221 1521 2255 et

195 2286 573 2340 quadragesimam
604 2285 672 2324 hic
701 2284 898 2324 maxima
926 2297 981 2322 ex
1009 2291 1143 2336 parte,
1173 2283 1244 2322 ille
1276 2284 1520 2323 universam

239 2365 248 2384 ¹
275 2365 327 2396 Cf.
361 2363 556 2400 Engelberti
592 2362 736 2402 Drerupi
765 2362 937 2401 egregium
972 2361 1049 2392 illud
1082 2372 1168 2401 opus
1202 2362 1292 2401 quod
1330 2363 1522 2393 inscribitur

197 2409 320 2439 Antike
336 2407 750 2447 Dentosllzenesausgaben,
772 2417 826 2445 pp.
845 2415 965 2444 5504.

239 2452 251 2472 ²
275 2452 324 2482 Cf.
347 2451 471 2482 Frider.
493 2451 648 2489 Schssler,
666 2449 786 2490 Progr.
806 2449 1014 2489 Hirscltberg‚
1039 2459 1129 2487 1912.

842 2506 875 2541 vi
