1685 2772
99 112 234 167 xxvn]
513 114 645 154 KAT’
693 117 946 156 ΑΦΟΒΟΥ
998 118 1025 155 Α

94 226 197 276 ὑμῖν,
226 226 425 277 ἐτόλμησε
453 225 689 279 ψεύσασθαι
719 225 879 266 πάντων
912 227 1147 274 δεινότατον,
1180 226 1231 269 ὡς
1260 225 1426 279 τέτταρά

92 309 160 344 μοι
195 291 358 333 τάλανθ’
392 293 413 332 ὁ
441 292 569 345 πατὴρ
599 292 785 334 κατέλιπε
818 293 1145 346 κατορωρυγμένα
1181 294 1243 334 καὶ
1275 294 1424 334 τούτων

94 360 229 412 κυρίαν
253 358 324 410 τὴν
347 359 481 411 μητέρ’
507 361 707 410 ἐποίησεν.
777 363 899 400 ταῦτα
922 359 955 400 δ’
981 360 1102 407 εἶπεν,
1130 359 1179 401 ἵν’
1204 361 1238 401 εἶ
1261 362 1334 412 μὲν
1361 360 1424 401 καὶ

93 429 161 467 νῦν
190 425 505 478 προσδοκήσαιμ’
537 426 654 467 αὐτὸν
682 428 796 478 ἐρεῖν,
825 427 1145 479 ἀπολογούμενος
1177 428 1265 479 περὶ
1296 426 1425 468 αὐτῶν

56 510 73 542 5
93 494 349 545 διατρίβοιμι,
381 493 469 534 δέον
494 493 607 546 ἕτερά
638 493 677 544 μ’
704 494 821 534 αὐτοῦ
856 498 1087 547 κατηγορεῖν
1117 494 1212 546 πρὸς
1241 495 1352 545 ὑμᾶς·
1391 495 1425 536 εἰ

93 559 126 600 δ’
163 560 214 602 ὡς
250 560 294 600 οὐ
327 560 613 612 ῥηθησομένων
650 562 924 613 παραλίποιμι,
960 565 1029 602 νῦν
1065 561 1180 603 αὐτὸς
1213 562 1328 608 εἴποι,
1360 562 1425 602 ἵνα

1460 118 1578 173 [830]

93 630 217 667 δοκῶν
242 627 341 668 εῖναι
369 627 563 670 πλούσιος
591 627 711 679 ἦττον
737 627 803 680 ὑφ’
829 629 937 679 ὑμῶν
963 629 1162 679 ἐλεοίμην.
1233 628 1297 668 καὶ
1325 646 1421 680 μαρ-
1455 644 1500 681 54

92 695 228 746 τυρίαν
241 697 314 746 μὲν
329 695 513 746 οὐδεμίαν
530 695 748 747 ἐνεβάλετο
764 695 915 736 τούτων
933 696 953 735 ὁ
969 695 1074 735 ταῦτ’
1094 697 1217 736 εἰπεῖν
1234 694 1422 746 ἀξιώσας,

92 765 202 816 ψιλῷ
228 763 271 803 δὲ
292 762 402 817 λόγῳ
427 761 680 816 χρησάμενος
706 763 758 804 ὡς
782 763 1147 815 πιστευθησόμενος
1173 762 1221 803 δι’
1248 763 1422 803 ἐκείνων.

35 843 76 866 10
94 829 156 869 καὶ
193 829 288 870 ὅταν
315 831 388 881 μὲν
419 830 557 882 ἔρηταί
584 847 644 873 τις
679 829 810 876 αὐτόν,
843 831 898 871 εἷς
932 830 974 871 τί
1001 834 1081 871 τῶν
1114 831 1220 881 ἐμῶν
1251 833 1425 870 τοσαῦτα

92 894 262 950 χρήματ’
288 895 502 946 ἀνήλωκεν,
534 896 634 950 χρέα
662 897 790 949 φησὶν
813 898 911 950 ὑπὲρ
944 898 1038 949 ἐμοῦ
1071 895 1332 938 ἐκτετεικέναι
1361 896 1424 937 καὶ

93 962 230 1014 πένητ’
260 964 443 1004 ἐνταυθοῖ
471 964 580 1014 ζητεῖ
604 967 744 1005 ποιεῖν·
781 964 875 1005 ὅταν
908 966 950 1005 δὲ
983 964 1193 1016 βούληται,
1228 963 1424 1005 πλούσιον

95 1029 146 1072 ὡς
165 1030 306 1078 ἔοικεν,
327 1032 435 1083 εἴπερ
453 1047 499 1083 γε
525 1031 588 1071 καὶ
612 1034 802 1071 τοσοῦτον
824 1032 972 1073 ἐκεῖνος
992 1031 1178 1083 ἀργύριον
1194 1032 1293 1071 οἴκοι
1314 1030 1423 1072 κατέ-

93 1101 224 1138 λιπεν.
295 1097 346 1139 ὡς
367 1097 399 1137 δ’
420 1098 488 1138 οὐκ
509 1098 637 1148 ἀληθῆ
656 1097 792 1150 λέγειν
813 1098 896 1138 οῖόν
916 1097 948 1137 τ’
969 1097 1100 1144 αὐτόν,
1124 1097 1215 1138 ἀλλ’
1233 1098 1426 1138 ἀδύνατόν

37 1178 74 1211 15
94 1181 131 1204 τι
154 1162 341 1216 γενέσθαι
365 1164 524 1210 τούτων,
553 1165 596 1204 ἐκ
621 1167 784 1205 πολλῶν
807 1162 942 1218 ῥᾴδιον
966 1166 1120 1215 μαθεῖν.
1195 1166 1227 1205 εἰ
1256 1167 1327 1215 μὲν
1353 1166 1427 1217 γὰρ
1463 1174 1501 1212 35

95 1231 116 1270 ὁ
140 1230 266 1282 πατὴρ
294 1230 455 1281 ἠπίστει
483 1231 649 1277 τούτοις,
677 1231 876 1280 δῆλονὸτι
900 1230 980 1271 οὔτ’
997 1231 1046 1272 ἂν
1072 1230 1188 1271 τᾶλλ’
1215 1230 1428 1283 ἐπέτρεπεν

96 1296 176 1338 οὔτ’
208 1295 256 1337 ἂν
284 1296 392 1337 ταῦθ’
425 1298 525 1338 οὕτω
555 1298 805 1338 καταλείπων
836 1297 967 1339 αὐτοῖς
1002 1298 1161 1350 ἔφραζε·
1197 1299 1318 1349 μανία
1352 1299 1427 1350 γὰρ

95 1363 203 1414 δεινὴ
228 1365 278 1404 τὰ
298 1363 524 1416 κεκρυμμέν’
550 1365 687 1410 εἰπεῖν,
709 1366 806 1415 μηδὲ
825 1368 903 1405 τῶν
925 1369 1108 1417 φανερῶν
1127 1363 1313 1416 μέλλοντ’
1341 1366 1424 1405 ἐπι-

96 1431 261 1483 τρόπους
288 1430 564 1482 καταστήσειν.
629 1432 663 1471 εἶ
682 1430 715 1471 δ’
737 1432 956 1478 ἐπίστευεν,
984 1431 1052 1472 οὐκ
1077 1431 1124 1472 ἂν
1144 1431 1269 1482 δήπου
1291 1433 1340 1472 τὰ
1356 1433 1429 1483 μὲν

38 1511 79 1534 20
97 1496 254 1538 πλεῖστ’
286 1497 417 1540 αὐτοῖς
452 1501 530 1538 τῶν
565 1497 779 1551 χρημάτων
815 1499 1072 1552 ἐνεχείρισεν,
1108 1502 1186 1539 τῶν
1220 1498 1253 1538 δ’
1285 1498 1352 1539 οὐκ
1382 1498 1430 1539 ἃν

100 1564 250 1616 κυρίους
275 1565 473 1615 ἐποίησεν.
537 1564 614 1606 οὐδ’
639 1565 686 1606 ἂν
711 1571 758 1622 τῇ
783 1568 855 1617 μὲν
882 1565 1002 1618 μητρί
1027 1583 1101 1617 μου
1130 1569 1251 1606 ταῦτα
1277 1565 1427 1619 φυλάτ-

98 1648 181 1672 τειν
215 1632 372 1678 ἔδωκεν,
410 1631 530 1683 αὐτὴν
566 1632 599 1673 δ’
640 1634 792 1683 ἐκείνην
832 1633 890 1674 ἑνὶ
928 1636 1007 1673 τῶν
1047 1633 1270 1685 ἐπιτρόπων
1307 1633 1430 1687 τούτῳ

100 1699 249 1751 γυναῖκ’
274 1699 431 1740 ἔδωκεν·
467 1700 512 1741 οὗ
537 1702 612 1754 γὰρ
637 1700 721 1755 ἔχει
746 1701 885 1753 λόγον,
915 1698 1053 1755 σῴζειν
1078 1702 1150 1751 μὲν
1175 1701 1223 1740 τὰ
1252 1698 1433 1753 χρήματα

100 1767 164 1806 διὰ
195 1769 264 1818 τῆς
290 1769 383 1819 ἐμῆς
411 1767 556 1820 μητρὸς
588 1769 728 1820 ζητεῖν,
757 1769 826 1810 ἕνα
856 1770 897 1809 δὲ
931 1771 1010 1808 τῶν
1045 1766 1344 1818 ἀπιστουμένων
1371 1766 1433 1805 καὶ

42 1844 79 1877 25
101 1834 218 1884 αὐτῆς
238 1834 300 1874 καὶ
324 1839 400 1875 τῶν
418 1835 629 1888 χρημάτων
655 1837 785 1889 κύριον
805 1840 946 1878 ποιεῖν.
1008 1836 1066 1876 ἔτι
1095 1834 1149 1881 δέ,
1167 1834 1315 1874 τούτων
1342 1835 1377 1874 εἴ
1398 1850 1435 1872 τι

147 1953 166 1973 2
191 1945 419 1986 κατωρυγμένα
437 1943 484 1985 S',
504 1954 590 1977 corr.
610 1945 683 1976 ead.
701 1955 732 1975 m
864 1956 881 1982 4
909 1945 1163 1986 προσδοκήσαιμ’
1182 1948 1259 1974 ante
1275 1942 1372 1973 αὐτὸν
1389 1940 1412 1971 S
1429 1952 1436 1971 :

103 1991 180 2027 post
197 1988 293 2019 αὐτὸν
308 1987 396 2027 vulg.
530 1997 550 2026 5
574 1990 606 2027 μ’
625 1990 720 2020 αὐτοῦ
738 1987 761 2019 S
775 1987 827 2019 A:
853 1989 950 2020 αὐτοῦ
967 2001 1007 2027 με
1024 1987 1114 2027 vulg.
1251 1988 1272 2016 6
1296 1987 1331 2016 οὐ
1350 1984 1373 2015 S
1385 1983 1435 2015 A:

102 2033 147 2070 μὴ
163 2030 250 2070 vulg.
334 2033 516 2073 ῥηθησομεν
533 2030 583 2069 5¹,
602 2032 637 2063 ον
654 2032 728 2062 add.
748 2041 791 2062 m.
810 2041 876 2062 rec.
974 2032 1200 2072 παραλείποιμι
1217 2029 1247 2059 Α
1261 2029 1287 2059 F
1367 2071 1373 2077 .
1393 2071 1398 2076 Π
1415 2037 1436 2066 9

103 2073 142 2105 δι’
161 2075 288 2106 ἐκείνων
306 2074 329 2105 S
345 2086 353 2105 ε
377 2075 426 2106 ὑπ’
446 2075 573 2107 ἐκείνων
589 2074 678 2114 vulg.
695 2086 703 2105 :
730 2077 780 2106 ὑπ’
799 2075 918 2107 ἐκείνου
930 2073 961 2103 Α
978 2085 985 2103 :
1011 2075 1081 2116 εἰκῇ
1096 2075 1191 2105 Blass
1205 2073 1277 2104 coll.
1294 2072 1399 2102 xxvm
1417 2080 1436 2110 5

107 2127 145 2156 13
167 2131 207 2159 ’γε
224 2128 289 2149 om.
307 2118 338 2148 A
352 2118 376 2148 F
494 2128 530 2156 14
557 2117 623 2150 οἶόν
637 2118 689 2158 τε]
709 2121 826 2150 οἴονται
846 2117 882 2148 Sl
1010 2128 1045 2156 17
1072 2119 1276 2151 καταλείπων
1288 2115 1415 2146 Reiske
1430 2126 1436 2145 :

104 2162 291 2193 καταλιπὼν
309 2162 405 2192 codd.
424 2162 478 2192 hic
494 2166 526 2192 et
546 2161 629 2191 xxix
646 2171 686 2200 47
777 2171 819 2191 20
844 2160 1050 2201 ἐνεχείρησεν
1068 2161 1106 2193 Sl
1197 2162 1338 2192 alterum
1355 2157 1435 2198 τῶν]

104 2203 229 2235 τούτων
245 2203 270 2234 F
363 2215 404 2235 22
429 2204 560 2244 ἔδωκεν]
580 2203 761 2246 παρέδωκεν
779 2204 859 2234 xxix
877 2214 916 2242 47
1020 2205 1144 2243 ἐκείνην
1162 2216 1226 2236 om.
1249 2205 1291 2235 F:
1315 2203 1436 2240 ταύτην

105 2247 189 2277 xxix
202 2257 242 2285 47
332 2247 435 2288 τούτῳ
447 2247 538 2286 vulg.
554 2248 593 2281 &S
609 2258 653 2277 ex
668 2247 805 2279 7067·va
821 2258 827 2278 :
853 2247 977 2278 τούτων
994 2246 1020 2277 F
1037 2253 1070 2278 et
1086 2249 1167 2278 xxix
1185 2259 1224 2287 47
1245 2248 1268 2278 S
1282 2248 1307 2278 F
1396 2256 1437 2285 23

108 2289 239 2330 ἔδωκεν]
259 2290 409 2331 ἐξέδωκεν
426 2291 450 2321 S
464 2304 516 2332 γρ.
535 2301 542 2321 :
567 2290 735 2331 ἠγγύησεν
750 2291 836 2320 xxix
853 2300 892 2329 47
1029 2290 1159 2331 σῴζειν]
1179 2296 1280 2332 σῷσαι
1297 2291 1379 2321 xxix
1395 2299 1436 2328 47

107 2342 148 2372 25
172 2333 296 2365 τούτων
307 2336 374 2365 εἴτι
391 2334 445 2364 hic
461 2344 579 2364 ornnes
596 2339 630 2364 et
645 2333 729 2363 xxix
741 2335 783 2371 48
798 2334 841 2364 F:
866 2336 982 2365 τοῦτον
1003 2335 1032 2364 εἴ
1045 2348 1076 2365 τι
1093 2334 1218 2367 τούτων
1235 2335 1318 2365 xxix
1335 2335 1377 2373 48
1390 2332 1414 2363 S
1430 2343 1437 2362 :

108 2379 139 2408 εἴ
152 2389 184 2407 τι
201 2376 323 2409 τούτων
339 2377 421 2407 xxix
438 2378 479 2416 48
495 2376 538 2415 A,
555 2377 596 2409 cf.
617 2377 723 2407 xxviii
740 2388 770 2416 4,
787 2387 857 2407 xxx
873 2386 912 2414 31

175 2442 260 2467 nme
1288 2433 1308 2465 2

1467 1629 1575 1684 [831]

1467 1835 1509 1878 56
