1685 2772
85 804 123 826 10

85 1136 121 1168 15

85 1470 125 1490 20

146 65 275 119 xxxv]
548 70 706 107 ΠΡΟΣ
756 69 1071 107 ΛΑΚΡΙΤΟΝ

143 181 303 222 τούτους
328 181 606 230 ἐπιμελεῖσθαι
635 180 741 220 ὅπως
771 178 818 219 ἂν
846 179 896 220 ὡς
923 177 1099 231 τάχιστα
1127 179 1401 229 ἀπολάβωμεν
1429 181 1477 218 τὰ

143 246 337 301 χρήματα.
428 247 534 286 οὗτοι
570 248 610 286 δὲ
647 246 878 298 ὡμολόγουν
919 262 962 285 τε
1005 246 1067 286 καὶ
1103 245 1246 297 ἔλεγον
1285 246 1344 285 ὅτι
1381 246 1478 286 αὐτὰ

142 318 262 354 ταῦτα
299 314 534 365 περαίνοιεν.
607 312 673 353 καὶ
708 312 821 363 ἡμεῖς
858 312 1010 354 τούτοις
1046 313 1264 368 προσῇμεν,
1302 312 1363 352 καὶ
1399 311 1479 363 ἅμα

143 383 441 432 ἐπεσκοποῦμεν
462 381 498 420 εἴ
520 397 558 420 τι
582 379 831 432 ἐξαιροῦνταί
851 382 975 419 ποθεν
1000 380 1042 419 ἐκ
1068 379 1210 419 πλοίου
1235 375 1258 429 ἢ
1285 396 1475 429 πεντηκο-

143 448 362 489 στεύονται.
435 446 566 496 ἐπειδὴ
605 449 647 487 δὲ
682 445 825 498 ἡμέραι
853 463 898 487 τε
927 445 1032 496 ἦσαν
1063 445 1210 499 συχναὶ
1242 447 1479 497 ἐπιδημοῦσι

142 515 306 561 τούτοις,
328 514 439 565 ἡμεῖς
457 532 501 555 τε
519 513 598 554 οὐδ’
619 514 749 554 ὁτιοῦν
774 514 1006 565 εὑρίσκομεν
1025 513 1106 553 οὔτ’
1126 512 1370 569 ἐξῃρημένον
1391 513 1479 553 οὔτε

144 581 583 632 πεπεντηκοστευμένον
604 582 670 622 ἐπὶ
694 580 746 636 τῷ
769 581 934 631 ὀνόματι
958 581 1010 635 τῷ
1027 580 1188 626 τούτων,
1212 581 1380 620 ἐνταῦθα
1405 579 1478 630 ἤδη

142 652 298 700 μᾶλλον
324 649 614 701 προσεκείμεθα
639 649 906 689 ἀπαιτοῦντες.
972 647 1033 687 καὶ
1061 646 1194 697 ἐπειδὴ
1220 646 1479 700 ἠνωχλοῦμεν

143 716 288 763 αὐτοῖς,
314 717 566 767 ἀποκρίνεται
586 714 780 767 Λάκριτος
800 715 950 760 οὑτοσί,
973 713 1149 765 ἁδελφὸς
1171 715 1190 753 6
1216 713 1476 766 Ἀρτέμωνος,

143 784 204 823 ὄτι
229 784 299 823 οὐκ
323 782 372 823 ἂν
397 783 476 823 οἶοί
497 782 530 822 τ’
556 784 697 832 εἴησαν
722 783 947 827 ἀποδοῦναι,
971 780 1063 821 ἀλλ’
1085 781 1297 821 ἀπόλωλεν
1323 780 1481 821 ἅπαντα

143 852 192 890 τὰ
215 848 411 903 χρήματα·
451 850 513 890 καὶ
538 849 615 901 ἔφη
644 847 838 899 Λάκριτος
864 848 1015 888 δίκαιόν
1041 865 1077 888 τι
1102 847 1210 900 ἔχειν
1235 847 1370 899 λέγειν
1391 847 1480 900 περὶ

143 917 304 958 τούτων.
361 917 424 957 καὶ
443 916 568 967 ἡμεῖς,
586 914 616 956 ὦ
631 914 769 966 ἄνδρες
786 915 980 960 δικασταί,
1003 914 1301 967 ἠγανακτοῦμεν
1321 915 1385 955 ἐπὶ
1398 918 1480 956 τοῖς

143 982 387 1036 λεγομένοις,
415 982 540 1023 πλέον
571 984 612 1023 δὲ
643 982 755 1022 οὐδὲν
787 981 835 1032 ἦν
866 982 1157 1034 ἀγανακτοῦσιν
1187 981 1292 1032 ἡμῖν·
1326 981 1480 1023 τούτοις

144 1051 220 1102 γὰρ
244 1049 323 1090 οὐδ’
349 1051 477 1090 ὁτιοῦν
503 1050 657 1101 ἔμελεν.
729 1048 843 1089 οὐδὲν
873 1047 906 1089 δ’
936 1048 1054 1099 ἧττον
1083 1048 1295 1100 ἠρωτῶμεν
1326 1048 1476 1095 αὐτούς,

143 1118 279 1157 ὅντινα
315 1118 463 1170 τρόπον
500 1116 742 1157 ἀπολωλότα
779 1117 836 1166 εἴη
874 1117 923 1156 τὰ
959 1114 1154 1169 χρήματα.
1207 1115 1401 1168 Λάκριτος
1437 1117 1478 1156 δὲ

144 1185 280 1224 οὑτοσὶ
301 1186 526 1236 ναυαγῆσαι
544 1184 622 1236 ἔφη
642 1183 687 1223 τὸ
707 1186 849 1223 πλοῖον
868 1181 1101 1234 παραπλέον
1121 1183 1162 1222 ἐκ
1179 1183 1478 1223 Παντικαπαίου

145 1252 200 1293 εἰς
237 1251 476 1296 Θεοδοσίαν,
516 1249 815 1302 ναυαγήσαντος
852 1251 894 1290 δὲ
930 1252 997 1289 τοῦ
1041 1250 1183 1290 πλοίου
1224 1248 1479 1289 ἀπολωλέναι

144 1319 193 1357 τὰ
230 1317 411 1371 χρήματα
448 1321 530 1358 τοῖς
568 1318 760 1369 ἀδελφοῖς
798 1320 881 1358 τοῖς
919 1318 1071 1363 ἑαυτοῦ,
1112 1315 1136 1355 ἃ
1174 1316 1312 1369 ἔτυχεν
1345 1317 1388 1356 ἐν
1425 1320 1479 1371 τῷ

145 1384 271 1438 πλοίῳ
309 1384 459 1424 ἐνόντα·
498 1385 645 1424 ἐνεῖναι
680 1386 723 1424 δὲ
757 1382 920 1436 τάριχός
953 1399 996 1423 τε
1031 1383 1093 1422 καὶ
1126 1383 1233 1423 οἶνον
1268 1386 1382 1437 Κῷον
1416 1383 1478 1423 καὶ

145 1451 236 1491 ἄλλ’
261 1450 370 1497 ἄττα,
399 1450 462 1490 καὶ
494 1454 615 1490 ταῦτα
643 1450 803 1503 ἔφασαν
832 1449 961 1490 πάντα
992 1449 1352 1502 ἀντιφορτισθέντα
1380 1449 1476 1500 μέλ-

145 1523 230 1558 λειν
267 1517 436 1570 ἀπάγειν
464 1516 669 1568 Ἀθήναζε,
708 1519 741 1558 εἰ
777 1517 829 1568 μὴ
867 1517 1048 1557 ἀπώλετο
1075 1518 1117 1557 ἐν
1141 1520 1194 1570 τῷ
1220 1518 1359 1571 πλοίῳ.
1417 1516 1479 1556 καὶ

146 1585 170 1625 ἃ
204 1586 277 1636 μὲν
314 1585 466 1637 ἔλεγεν,
493 1584 600 1625 ταῦτ’
629 1584 690 1634 ἦν·
727 1583 839 1635 ἄξιον
875 1586 917 1624 δὲ
954 1585 1120 1623 ἀκοῦσαι
1155 1583 1226 1633 τὴν
1262 1584 1479 1635 βδελυρίαν

145 1656 221 1692 τῶν
237 1653 453 1704 ἀνθρώπων
469 1652 617 1692 τούτων
639 1652 700 1692 καὶ
725 1651 797 1702 τὴν
815 1651 1098 1704 ψευδολογίαν.
1159 1651 1255 1702 πρός
1274 1667 1317 1691 τε
1342 1652 1417 1703 γὰρ
1435 1653 1478 1690 τό

147 1723 290 1760 πλοῖον
314 1723 358 1759 τό
385 1721 616 1771 ναυαγῆσαν
645 1719 757 1759 οὐδὲν
788 1717 834 1768 ἧν
865 1718 996 1759 αὐτοῖς
1023 1718 1289 1768 συμβόλαιον,
1316 1716 1408 1757 ἀλλ’
1433 1716 1480 1766 ἦν

147 1786 278 1838 ἕτερος
295 1788 314 1826 6
330 1787 559 1827 δεδανεικὼς
575 1785 794 1837 Ἀθήνηθεν
812 1785 874 1826 ἐπὶ
890 1789 943 1839 τῷ
957 1785 1087 1839 ναύλῳ
1104 1788 1157 1838 τῷ
1175 1785 1229 1826 εἷς
1243 1783 1480 1824 τόνΠόντον

149 1854 209 1893 καὶ
229 1853 289 1894 ἐπ’
308 1854 410 1908 αὐτῷ
426 1858 479 1908 τῷ
496 1853 622 1907 πλοίῳ
646 1852 921 1904 (Ἀντίπατρος
941 1853 1065 1902 ὄνομα
1084 1850 1132 1901 ἦν
1152 1855 1205 1905 τῷ
1226 1851 1477 1895 δεδανεικότι,

149 1920 304 1962 Κιτιεὺς
341 1919 385 1959 τὸ
424 1917 564 1972 γένος)·
607 1920 653 1959 τό
693 1936 736 1959 τε
779 1918 952 1970 οἰνάριον
994 1918 1039 1958 τὸ
1084 1921 1198 1972 Κῷον
1238 1916 1481 1969 ὀγδοήκοντα

195 2029 207 2048 Ι
235 2018 450 2058 ἀπολάβωμεν
467 2016 520 2048 A:
545 2016 765 2056 ἀπολάβοιμεν
782 2020 858 2047 cett.
993 2026 1014 2055 3
1038 2030 1201 2058 περενοιεν
1214 2015 1251 2046 Sl
1342 2026 1362 2052 4
1389 2015 1482 2047 ἐσκό-

146 2076 266 2101 πουμεν
282 2061 313 2092 Α
428 2062 449 2091 6
471 2074 508 2092 τε
526 2064 580 2092 diu>
598 2060 669 2092 οὐδὲ
688 2060 713 2091 S
821 2059 1022 2101 ἐξειρημένον
1039 2059 1078 2090 Sl
1185 2070 1202 2099 7
1227 2063 1272 2100 τῷ
1289 2058 1411 2090 τούτων
1428 2059 1459 2088 Α
1475 2070 1482 2088 ;

147 2105 270 2138 τούτων
285 2104 374 2143 vulg.
465 2105 485 2134 8
508 2105 722 2144 ἠνωχλοῦμεν
740 2103 765 2133 F
781 2113 866 2133 corr.
884 2113 892 2132 :
917 2105 1125 2143 ἐνωχλοῦμεν
1142 2103 1232 2142 vulg.
1250 2115 1256 2133 :
1283 2104 1482 2143 ἐνοχλοῦμεν

146 2149 178 2179 Α
324 2159 346 2187 9
369 2151 508 2187 αδελφος
527 2147 550 2177 S
567 2158 574 2177 t
599 2149 614 2178 6
633 2148 679 2178 ἀδ.
697 2147 786 2185 vulg.
895 2148 911 2177 6
927 2156 991 2176 om.
1011 2146 1036 2176 F
1049 2145 1079 2185 Q
1095 2146 1124 2176 D
1276 2156 1314 2176 12
1339 2145 1479 2185 τούτων]

148 2192 263 2223 τούτου
280 2190 311 2221 Α
447 2195 524 2229 post
539 2192 786 2231 ἠγανακτοῦμεν
803 2190 877 2219 add.
897 2189 956 2228 μὲν
977 2189 1103 2220 Reiske
1244 2199 1280 2228 17
1307 2191 1481 2220 Θεοδοσίαν

150 2236 173 2265 S
187 2235 215 2264 D
231 2246 238 2264 :
265 2234 443 2266 Θευδοσίαν
460 2234 548 2271 vulg.
723 2235 762 2263 18
786 2237 831 2273 τῷ
849 2243 914 2263 om.
935 2233 960 2263 F
973 2232 1003 2271 Q
1017 2233 1046 2262 D
1211 2242 1250 2272 19
1275 2232 1424 2273 τάρειχος
1441 2231 1479 2262 Sl

149 2289 191 2308 20
215 2278 340 2318 ἔφασαν
356 2277 462 2309 πάντα
479 2277 502 2306 S
516 2277 566 2306 A:
592 2277 698 2308 πάντα
717 2277 842 2317 ἔφασαν
859 2276 945 2314 vulg.
1095 2285 1133 2305 21
1162 2275 1298 2316 ἀπάγειν
1316 2275 1481 2306 Schaeser

149 2321 222 2351 coll.
239 2324 255 2358 ξ
268 2331 308 2359 37
323 2332 329 2352 z
349 2322 427 2353 αὐτὰ
438 2322 530 2360 ἄγειν
544 2321 640 2350 codd.
732 2330 772 2358 23
797 2319 919 2351 τούτων
934 2320 976 2350 S:
1000 2320 1135 2351 τουτωνὶ
1148 2319 1237 2358 vulg.
1331 2320 1372 2348 26
1397 2320 1480 2359 αὐτῷ

148 2375 213 2395 om.
233 2364 298 2402 FQ
313 2365 343 2394 D
477 2374 516 2402 27
542 2364 581 2395 τό
596 2362 650 2403 τε]
667 2365 704 2395 τὸ
722 2364 749 2394 δ’
767 2363 799 2393 Α

1310 2406 1350 2437 8*

1511 58 1621 114 [93ῆ

1510 462 1556 496 30

1511 578 1631 635 [933]

1513 925 1552 960 31

1512 1531 1556 1565 32
