1685 2772
95 172 209 228 [883]

90 1497 207 1551 [884]

666 173 1158 212 ΔΗΜΟΣΘΕΝΟΎΣ
1434 169 1569 225 [xxxu

238 284 437 337 ὡμολόγει
462 283 496 324 δ’
516 286 664 326 ἐκεῖνος
688 287 760 335 μὲν
786 287 883 337 πρὸς
909 284 999 326 τοὺς
1023 284 1148 339 τούτῳ
1173 285 1434 334 δανείζοντας,
1454 286 1491 325 εἴ
1512 302 1571 327 τις

237 353 376 404 ἔροιτο,
405 353 551 392 ἐνεῖναι
577 356 691 392 σῖτον
717 353 760 392 ἐν
785 357 831 408 τῇ
863 351 926 402 νηὶ
951 351 1075 406 τούτῳ
1101 351 1241 397 πολύν,
1268 351 1382 393 οὗτος
1406 353 1449 392 δὲ
1474 352 1571 405 πρὸς

236 420 326 460 τοὺς
353 420 487 473 ἐκείνῳ
515 418 582 458 τὸν
607 419 732 471 γόμον
758 420 903 458 οἰκεῖον
927 418 1036 471 ἔχειν
1070 418 1189 458 αὐτὸν
1213 421 1283 469 τῆς
1307 418 1418 460 νεώς·
1457 417 1510 460 ὢν
1535 419 1569 460 δ’

237 488 256 526 ὁ
280 488 353 537 μὲν
377 486 608 537 ναύκληρος,
637 487 657 525 ὁ
681 485 714 526 δ’
740 485 948 536 ἐπιβάτης,
977 485 1223 526 ἐπιστεύοντ’
1249 486 1408 527 εἰκότως
1433 486 1458 526 ἃ
1481 486 1571 538 περὶ

236 552 425 603 ἀλλήλων
473 553 627 605 ἔλεγον.
698 551 977 603 λαμβάνοντες
1019 555 1061 593 δὲ
1107 554 1155 592 τὰ
1201 551 1396 606 χρήματα,
1447 552 1571 593 οἴκαδ’
1592 569 1610 601 5

237 620 490 660 ἀπέστελλον
527 621 580 660 εἷς
617 619 688 669 τὴν
723 620 987 666 Μασσαλίαν,
1029 620 1090 660 καὶ
1127 619 1240 659 οὐδὲν
1278 621 1332 661 εἰς
1368 619 1439 670 τὴν
1477 623 1572 661 ναῦν

237 686 460 739 εἰσέφερον.
531 687 662 727 οὐσῶν
704 688 746 727 δὲ
787 690 864 726 τῶν
903 690 1163 740 συγγραφῶν,
1205 687 1340 738 ὥσπερ
1381 687 1571 728 εἰώθασιν

237 753 400 800 ἅπασαι,
424 754 621 804 σωθείσης
646 756 715 804 τῆς
739 754 836 795 νεὼς
861 754 1075 794 ἀποδοῦναι
1100 755 1148 793 τὰ
1172 752 1367 806 χρήματα,
1396 753 1445 794 ἵν’
1471 755 1568 794 ἀπο-

238 819 475 873 στερήσαιεν
500 821 590 863 τοὺς
614 822 888 866 δανείσαντας,
915 820 986 871 τὴν
1013 824 1107 862 ναῦν
1136 824 1352 861 καταδῦσαι
1379 822 1567 872 ἐβουλεύ-

238 905 373 928 σαντο.
445 889 465 927 ὁ
495 890 568 938 μὲν
598 889 666 928 οῦν
691 887 978 939 (Ηγέστρατος,
1014 888 1065 929 ὣς
1099 887 1175 928 ἀπὸ
1208 890 1276 937 τῆς
1310 890 1383 939 γῆς
1416 888 1570 940 ἀπῆραν
1594 909 1632 931 10

237 958 344 995 δυοῖν
369 951 392 1005 ἢ
418 958 536 1007 τριῶν
551 955 706 1006 ἡμερῶν
731 957 870 1000 πλοῦν,
891 956 1068 1005 καταβὰς
1093 957 1162 1005 τῆς
1188 953 1325 996 νυκτὸς
1351 956 1406 996 εἰς
1433 955 1571 1005 κοίλην

237 1026 331 1063 ναῦν
355 1021 537 1062 διέκοπτε
561 1026 630 1062 τοῦ
655 1022 797 1062 πλοίου
822 1021 866 1061 τὸ
898 1021 1058 1074 ἔδαφος.
1132 1021 1268 1061 οὑτοσὶ
1302 1021 1349 1067 δ’,
1379 1021 1430 1063 ὡς
1455 1021 1570 1063 οὐδὲν

237 1089 360 1135 εἰδώς,
387 1088 467 1128 ἄνω
500 1090 599 1139 μετὰ
631 1093 708 1128 τῶν
733 1088 872 1128 ἄλλων
909 1089 1112 1139 ἐπιβατῶν
1145 1087 1356 1139 διέτριβεν.
1428 1089 1570 1142 ψόφου

237 1158 278 1196 δὲ
303 1154 528 1208 γενομένου,
558 1154 819 1195 αἰσθάνονται
848 1156 884 1195 οἱ
909 1156 953 1195 ἐν
981 1159 1034 1210 τῷ
1059 1156 1185 1210 πλοίῳ
1214 1156 1274 1194 ὅτι
1305 1156 1423 1195 κακόν
1456 1173 1495 1196 τι
1526 1157 1569 1198 ἐν

239 1224 352 1278 κοίλῃ
378 1222 439 1272 νηὶ
470 1223 660 1275 γίγνεται,
691 1223 753 1262 καὶ
787 1225 986 1273 βοηθοῦσι
1017 1221 1132 1262 κάτω.
1194 1221 1243 1264 ὡς
1277 1221 1310 1261 δ’
1338 1221 1519 1273 ἡλίσκεθ’
1549 1223 1569 1262 ὅ
1593 1241 1629 1274 15

237 1288 512 1342 ‘Hye'o-‘rparos
543 1289 605 1329 καὶ
635 1278 921 1349 δίκηνφδεώσειν
950 1288 1169 1339 ὑπέλαβεν,
1199 1288 1340 1341 φεύγει
1377 1290 1439 1330 καὶ
1477 1292 1565 1330 διω-

239 1357 399 1407 κόμενος
435 1357 565 1408 ῥίπτει
598 1355 716 1396 αὑτὸν
742 1357 797 1398 εἷς
826 1355 897 1406 τὴν
933 1355 1147 1402 θάλατταν,
1177 1356 1398 1408 διαμαρτὼν
1425 1358 1467 1397 δὲ
1500 1360 1569 1396 τοῦ

238 1423 395 1474 λέμβου
425 1425 487 1463 διὰ
512 1422 556 1463 τὸ
587 1422 692 1463 νύκτ’
728 1422 840 1469 εἶναι,
869 1424 1082 1476 ἀπεπνίγη.
1146 1425 1292 1464 ἐκεῖνος
1328 1425 1402 1474 μὲν
1431 1424 1566 1470 οὕτως,

239 1492 374 1542 ὥσπερ
399 1489 506 1541 ἄξιος
531 1489 590 1541 ἧν,
620 1490 734 1532 κακὸς
761 1494 885 1532 κακῶς
919 1491 1116 1537 ἀπώλετο,
1143 1491 1167 1531 ἃ
1191 1490 1279 1532 τοὺς
1303 1490 1452 1533 ἄλλους
1479 1492 1566 1532 ἐπε-

238 1558 440 1608 βούλευσε
465 1560 643 1608 ποιῆσαι,
672 1561 792 1597 ταῦτα
816 1558 953 1599 παθὼν
974 1558 1103 1600 αὐτός.
1164 1558 1302 1598 οὑτοσὶ
1326 1557 1359 1597 δ’
1385 1558 1405 1597 ὁ
1431 1575 1566 1599 κοινω-
1591 1577 1630 1599 20

239 1624 303 1667 νὸς
329 1625 447 1664 αὐτοῦ
483 1624 546 1664 καὶ
579 1628 770 1677 συνεργὸς
796 1625 841 1665 τὸ
876 1628 950 1676 μὲν
986 1629 1143 1677 πρῶτον
1169 1624 1283 1667 εὐθὺς
1307 1627 1349 1665 ἐν
1374 1629 1427 1680 τῷ
1453 1626 1579 1681 πλοίῳ

237 1693 342 1743 παρὰ
370 1690 622 1742 τάδικήματα,
651 1692 702 1733 ὡς
728 1691 841 1732 οὐδὲν
877 1692 1000 1739 εἰδώς,
1039 1692 1132 1733 ἀλλ’
1157 1691 1480 1745 ἐκπεπληγμένος
1506 1693 1568 1734 καὶ

238 1758 366 1805 αὐτός,
386 1758 540 1799 ἔπειθεν
565 1758 635 1799 τὸν
660 1758 814 1814 πρῳρέα
840 1760 902 1800 καὶ
939 1759 1030 1801 τοὺς
1056 1759 1200 1801 ναύτας
1229 1761 1283 1801 εἰς
1315 1758 1384 1799 τὸν
1409 1759 1567 1811 λέμβον

238 1826 440 1877 ἐκβαίνειν
460 1826 522 1865 καὶ
540 1827 716 1866 ἐκλιπεῖν
731 1826 804 1876 τὴν
819 1829 915 1867 ναῦν
931 1826 1001 1877 τὴν
1021 1828 1229 1880 ταχίστην,
1251 1826 1301 1868 ὡς
1320 1827 1567 1868 ἀνελπίστου

237 1896 305 1943 τῆς
342 1894 537 1944 σωτηρίας
574 1893 695 1943 οὔσης
733 1894 796 1934 καὶ
833 1893 1151 1945 καταδυσομένης
1185 1896 1254 1944 τῆς
1296 1894 1392 1935 νεὼς
1429 1894 1566 1934 αὐτίκα
1588 1910 1626 1942 ²5

238 1959 359 2011 μάλα,
386 1958 449 2005 ἵν’,
477 1960 572 2012 ὅπερ
598 1959 872 2011 διενοήθησαν,
898 1960 1001 2000 τοῦτ’
1031 1960 1306 2011 ἐπιτελεσθείη
1337 1960 1400 2001 καὶ
1424 1960 1447 2011 ἡ
1474 1964 1565 2002 ναῦς

240 2027 431 2067 ἀπόλοιτο
461 2026 524 2066 καὶ
556 2028 604 2066 τὰ
630 2027 850 2077 συμβόλαι’
890 2026 1220 2079 ἀποστερήσαιεν.
1281 2027 1492 2080 ἀποτυχὼν
1522 2029 1564 2067 δὲ

284 2147 297 2166 1
326 2138 444 2167 ἐκεῖνος
460 2135 534 2177 μὲν]
553 2135 645 2169 οὗτος
662 2136 722 2176 μὲν
741 2136 764 2167 S
876 2147 895 2166 2
920 2135 1012 2169 οὗτος
1030 2136 1073 2166 S:
1099 2138 1208 2168 οὑτοσὶ
1225 2135 1313 2175 vulg.
1423 2146 1443 2176 3
1468 2137 1565 2169 αὐτὸν

239 2181 328 2221 ἔχειν
343 2179 375 2209 Α
443 2180 485 2211 ὢν
501 2180 532 2210 Α
547 2191 553 2210 ;
578 2182 617 2212 ὡς
635 2180 658 2211 S
674 2192 680 2211 :
703 2180 744 2218 ἣν
759 2180 849 2219 vulg.
942 2181 963 2209 6
988 2180 1179 2212 Μεσσαλίαν
1196 2179 1219 2209 S
1238 2189 1323 2211 corr.
1424 2189 1464 2210 10
1487 2180 1564 2221 ἦγε·
1580 2205 1583 2207 -

239 2236 423 2265 στρατηγος
449 2229 483 2253 ut
501 2224 564 2254 vid.
594 2222 631 2254 Sl
762 2225 897 2265 ἀπηῖραν
921 2227 1005 2255 δυεῖν
1029 2223 1053 2254 S
1225 2224 1263 2253 16
1287 2222 1495 2263 ὑπελάμβανε
1518 2222 1560 2263 A,

237 2267 279 2298 cf.
302 2270 316 2304 §
335 2277 373 2296 21
500 2267 689 2304 διωκόμενος
706 2267 749 2298 S:
777 2266 1002 2306 ἐκδιωκόμενος
1020 2266 1109 2305 vulg.
1126 2279 1131 2297 :
1158 2267 1269 2296 malim
1287 2266 1562 2306 καταδιωκόμενος

240 2312 279 2341 18
301 2309 361 2349 μὲν
379 2310 414 2349 S,
433 2310 472 2340 cf.
494 2309 632 2349 Antipb.
651 2311 683 2341 vi
704 2321 751 2349 14,
774 2311 853 2350 Lys.
874 2311 908 2340 ix
929 2321 965 2348 7:
989 2310 1049 2350 μὲν
1065 2311 1120 2342 οὖν
1135 2310 1224 2348 vulg.
1331 2320 1372 2339 22
1396 2310 1467 2351 παρ’
1481 2311 1562 2342 αὐτὰ

237 2356 307 2386 τᾶδ.
327 2353 545 2384 Herwerden
714 2365 754 2392 24
781 2355 945 2393 ἐμβαίνειν
961 2355 1012 2386 καὶ
1030 2354 1190 2386 ἐκλείπειν
1205 2352 1236 2384 Α
1405 2355 1448 2383 26
1470 2352 1562 2385 τοῦτ’

238 2398 461 2435 ἐπιτελεσθείη
488 2397 553 2429 SA
579 2397 683 2428 Bekk.
713 2398 841 2428 Anecd.
872 2408 903 2436 p.
935 2408 1003 2436 149.
1034 2407 1092 2436 14:
1121 2398 1209 2429 τουτὶ
1234 2396 1405 2435 τελεσθείη
1433 2396 1546 2435 FQD
