1685 2772
109 102 254 157 xxm]
494 108 659 145 ΠΡΟΣ
705 108 1041 145 ΦΟΡΜΙΩΝΑ
1468 93 1582 149 [922]

105 219 199 258 ὄντα
225 216 287 258 καὶ
310 216 457 269 πατρὸς
483 217 836 269 ἐστρατηγηκότος.
894 217 1060 268 ἡγεῖσθε
1083 218 1160 269 γὰρ
1187 216 1277 258 τοὺς
1306 217 1431 256 τοιού·
1467 226 1506 263 51

104 301 193 326 τους
228 284 272 324 οὐ
303 285 425 335 μόνον
449 283 538 325 τοὺς
569 283 881 336 ἐντυγχάνοντας
911 284 1072 330 ἀδικεῖν,
1101 284 1206 323 ἀλλὰ
1238 283 1299 323 καὶ
1325 289 1434 340 κοινῇ

103 350 303 402 βλάπτειν
327 350 372 390 τὸ
397 352 583 402 ἐμπόριον
608 352 727 401 ὑμῶν,
755 351 925 391 εἰκότως.
986 353 1024 390 αἱ
1051 352 1125 403 γὰρ
1153 351 1329 402 εὐπορίαι
1352 353 1435 391 τοῖς

105 417 378 470 ἐργαζομένοις
417 417 485 457 οὐκ
525 417 603 457 ἀπὸ
643 421 723 458 τῶν
763 416 1060 467 δανειζομένων,
1107 417 1198 457 ἀλλ’
1240 416 1316 457 ἀπὸ
1356 420 1433 457 τῶν

66 497 84 529 5
106 485 363 534 δανειζόντων
390 485 504 530 εἰσίν,
537 486 598 525 καὶ
627 485 715 525 οὔτε
744 487 840 525 ναῦν
869 484 957 524 οὔτε
991 484 1211 536 ναύκληρον
1242 483 1322 523 οὔτ’
1348 485 1430 524 ἐπι-

103 550 235 602 βάτην
260 550 344 591 ἔστ’
369 552 604 603 ἀναχθῆναι,
631 550 676 591 τὸ
705 555 784 591 τῶν
808 551 1066 600 δανειζόντων
1089 551 1206 603 μέρος
1234 549 1282 591 ἂν
1312 551 1430 603 ἀφαι-

102 621 209 675 ρεθῇ.
272 619 315 658 ἐν
346 619 419 669 μὲν
451 618 521 658 οὖν
552 622 634 659 τοῖς
667 618 800 668 νόμοις
833 618 983 658 πολλαὶ
1012 619 1074 658 καὶ
1107 618 1222 658 καλαὶ
1251 616 1437 669 βοήθειαί
1467 630 1509 667 52

104 687 208 725 εἰσιν
232 685 376 727 αὐτοῖς·
413 686 511 736 ὑμᾶς
543 687 585 726 δὲ
614 687 675 725 δεῖ
701 687 1090 737 συνεπανορθοῦντας
1123 686 1338 738 φαίνεσθαι
1371 684 1433 724 καὶ

103 752 154 803 μὴ
181 755 484 805 συγχωροῦντας
512 755 594 793 τοῖς
622 756 820 803 πονηροῖς,
847 750 897 792 ἵν’
926 753 1017 802 ὑμῖν
1048 752 1098 793 ὡς
1127 753 1297 802 πλείστη
1324 750 1429 803 ὠφέ-

49 843 85 864 10
103 824 193 859 λεια
217 821 321 870 παρὰ
346 818 389 858 τὸ
416 819 603 870 ἐμπόριον
627 818 665 875 ᾗ.
719 820 835 859 ἔσται
854 818 909 864 δέ,
933 820 1002 858 ἐὰν
1029 817 1319 871 διαφυλάττητε
1343 817 1433 859 τοὺς

102 888 151 926 τὰ
183 888 328 926 ἑαυτῶν
359 884 627 937 προϊεμένους,
664 887 726 926 καὶ
757 885 809 937 μὴ
842 884 1073 937 ἐπιτρέπητε
1107 886 1326 925 ἀδικεῖσθαι
1356 884 1432 925 ὑπὸ

102 957 181 994 τῶν
204 953 392 993 τοιούτων
417 952 573 1005 θηρίων.

170 1020 276 1073 Ἐγὼ
308 1023 380 1072 μὲν
415 1020 484 1060 οὖν
512 1021 665 1072 ὅσαπερ
698 1020 779 1061 οἷός
811 1020 843 1060 τ’
877 1019 924 1070 ἦν
955 1022 1100 1073 εἴρηκα·
1151 1023 1256 1060 καλῶ
1293 1021 1334 1060 δὲ
1369 1019 1431 1060 καὶ

103 1087 228 1128 ἄλλον
252 1089 338 1128 τινὰ
363 1091 440 1128 τῶν
465 1087 608 1140 φίλων,
637 1089 706 1128 ἐὰν
732 1088 928 1138 κελεύητε.

147 1209 167 1239 3
191 1199 278 1239 ἡμῶν
294 1198 325 1229 Α
451 1199 588 1240 εὐπορίαι
605 1198 636 1228 Α
652 1210 659 1229 :
684 1198 829 1240 ἐμπορίαι
845 1199 932 1237 vulg.
955 1198 1044 1239 (·ειαι
1063 1199 1101 1229 ΞΥ
1235 1200 1256 1227 6
1280 1199 1431 1240 ἀφαιρεθῇ

105 1244 194 1282 vulg.
214 1255 222 1274 τ
247 1245 403 1286 ἀφαιρῆτε
423 1243 446 1274 S
548 1244 567 1273 8
594 1244 698 1275 αὑτοῖς
718 1242 741 1272 S
842 1253 863 1282 9
886 1245 953 1274 τοῖς
970 1245 1117 1284 πονηροῖς
1135 1244 1384 1283 συγχωροῦντας
1401 1241 1432 1271 Α

106 1286 263 1328 ὠφέλεια]
284 1287 412 1328 εὐπορία
427 1286 458 1317 Α
598 1296 636 1316 10
662 1285 761 1327 παρὰ]
778 1286 848 1327 περὶ
866 1285 889 1315 S
900 1286 931 1315 A
945 1285 975 1324 Q
989 1286 1018 1316 D
1156 1284 1344 1326 φυλάττητε
1363 1285 1388 1315 F
1401 1284 1432 1323 Q

109 1340 145 1360 12
170 1334 235 1362 τῶν
251 1341 315 1361 om.
332 1330 363 1360 A

150 1374 187 1403 In
207 1373 230 1404 S
247 1374 473 1413 subscriptum

520 1422 623 1449 ’ΥΠΕΡ
648 1419 882 1448 ΧΡΤΣΙΠΠΟὙ
905 1420 1010 1449 ΠΡΟΣ

594 1465 678 1491 ΤΗΝ
702 1463 942 1492 ΦΟΡΜΙΩΝΟΣ

647 1507 881 1535 ΠΑΡΑΓΡΑΦΗ
