1685 2772
105 69 252 124 xxxw]
470 74 634 110 ΥΠΕΡ
681 73 1056 111 ΦΟΡΜΙΩΝΟΣ

105 183 215 224 ἐστὶν
250 186 333 225 τοῖς
368 183 600 232 ἐπιτηδείοις
635 182 741 232 ἡμῖν,
772 182 796 222 ἃ
832 182 1027 232 σύνισμεν
1064 182 1259 225 πολλάκις
1294 183 1434 223 τούτου

104 249 313 300 διεξιόντος
341 250 564 299 ἀκηκοότες,
592 247 729 300 λέγειν
759 249 821 289 καὶ
847 248 1050 289 διδάσκειν
1075 251 1186 300 ὑμᾶς,
1213 249 1263 289 ἵν’
1289 250 1436 292 εἰδότες

104 317 169 357 καὶ
203 316 471 367 μεμαθηκότες
500 317 623 368 ὀρθῶς
654 317 702 355 τὰ
731 316 862 356 δίκαια
895 315 985 367 παρ’
1018 316 1140 367 ἡμῶν,
1173 317 1221 356 ἂν
1253 315 1276 373 ᾗ
1307 318 1437 357 δίκαια

106 384 168 424 καὶ
198 383 350 436 εὔορκα,
386 386 509 423 ταῦτα
540 382 795 435 ψηφίσησθε.
855 382 928 433 τὴν
958 385 1032 434 μὲν
1064 384 1132 423 οὖν
1169 383 1437 437 παραγραφὴν

67 466 84 498 5
105 449 379 501 ἐποιησάμεθα
411 452 480 500 τῆς
521 450 641 500 δίκης,
679 449 753 502 οὐχ
788 448 838 490 ἵν’
877 450 1128 502 ἐκκρούοντες
1163 451 1332 503 χρόνους
1369 452 1435 502 ἐμ-

104 522 291 569 ποιῶμεν,
320 516 495 557 ἀλλ’ἵνα
514 521 594 557 τῶν
619 516 872 569 πραγμάτων,
895 518 964 557 ἐὰν
990 517 1164 573 ἐπιδείξῃ
1189 517 1278 568 μηδ’
1306 519 1438 559 ὁτιοῦν

105 584 301 626 ἀδικοῦνθ’
328 583 467 625 ἑαυτὸν
500 584 650 630 οὑτοσί,
682 583 898 637 ἀπαλλαγή
927 601 986 625 τις
1019 584 1122 639 αὐτῷ
1149 584 1311 637 γένηται
1346 585 1436 637 παρ’

104 653 195 703 ὑμῖν
222 653 344 703 κυρία.
405 652 483 691 ὅσα
518 652 593 704 γὰρ
632 653 736 703 παρὰ
771 655 854 693 τοῖς
888 651 1030 694 ἄλλοις
1068 652 1179 692 ἐστὶν
1216 652 1438 704 ἀνθρώποις

107 720 252 773 ἰσχυρὰ
277 719 339 758 καὶ
363 718 518 769 βέβαια
542 717 634 759 ἄνευ
658 722 729 758 τοῦ
761 718 852 770 παρ’
873 720 964 770 ὑμῖν
997 719 1288 771 ἀγωνίσασθαι,
1316 723 1438 760 ταῦτα

49 806 88 828 10
107 786 237 827 πάντα
267 786 490 836 πεποιηκὼς
523 786 708 838 Φορμίων
744 787 894 832 οὑτοσί,
931 786 992 826 καὶ
1024 789 1160 826 πολλὰ
1186 789 1259 838 μὲν
1294 787 1335 827 εὖ
1367 804 1435 828 πε-

107 853 277 903 ποιηκὼς
302 852 610 904 Ἀπολλόδωρον
639 853 806 899 τουτονί,
834 853 962 894 πάντα
989 853 1034 899 δ’,
1061 854 1170 894 ὅσων
1204 854 1332 906 κύριος
1360 858 1439 894 τῶν

107 920 246 961 τούτου
285 920 540 971 κατελείφθη,
588 920 783 962 διαλύσας
826 921 889 960 καὶ
936 921 1132 972 παραδοὺς
1166 921 1334 968 δικαίως,
1377 922 1440 962 καὶ

109 986 266 1028 πάντων
305 987 468 1038 ἀφεθεὶς
503 988 604 1038 μετὰ
641 990 763 1027 ταῦτα
801 991 879 1028 τῶν
918 987 1193 1039 ἐγκλημάτων,
1234 989 1351 1039 ὅμως,
1390 988 1441 1030 ὣς

110 1055 237 1106 ὁρᾶτε,
256 1053 392 1103 ἐπειδὴ
419 1052 555 1105 φέρειν
581 1058 718 1094 τοῦτον
744 1053 818 1108 οὐχ
843 1054 926 1096 οἷός
950 1054 984 1094 τ’
1011 1056 1135 1102 ἐστίν,
1159 1056 1268 1105 δίκην
1292 1054 1438 1096 ταλάν-

52 1137 90 1169 15
110 1138 186 1161 των
212 1121 339 1160 εἴκοσι
362 1120 502 1173 λαχὼν
527 1120 631 1175 αὐτῷ
656 1121 801 1171 ταύτην
828 1125 1086 1173 συκοφαντεῖ.
1158 1121 1204 1172 ἐξ
1225 1123 1350 1176 ἀρχῆς
1374 1123 1443 1163 οὖν

111 1187 266 1228 ἅπαντα
296 1189 344 1227 τὰ
374 1186 601 1241 πραχθέντα
633 1188 758 1242 τούτῳ
789 1187 887 1240 πρὸς
920 1190 1117 1228 Πασίωνα
1150 1189 1213 1228 καὶ
1244 1189 1442 1230 Ἀπολλό-

111 1257 238 1306 δωρον
267 1254 318 1295 ὡς
351 1253 399 1294 ἂν
433 1254 608 1305 δύνωμαι
637 1256 700 1294 διὰ
731 1253 998 1308 βραχυτάτων
1031 1257 1156 1296 εἰπεῖν
1190 1255 1443 1308 πειράσομαι,

113 1319 159 1370 ἐξ
191 1322 244 1361 ὧν
282 1321 323 1361 εὖ
359 1320 430 1360 οἶδ’
466 1321 528 1360 ὅτι
555 1321 580 1371 ἥ
611 1337 654 1361 τε
687 1321 826 1361 τούτου
863 1324 1114 1374 συκοφαντία
1143 1324 1297 1375 φανερὰ
1329 1321 1443 1375 γενή-

116 1405 242 1434 σεται,
270 1387 332 1427 καὶ
358 1387 409 1428 ὡς
435 1387 503 1427 οὐκ
540 1388 807 1440 εἰσαγώγιμος
837 1388 859 1439 ἡ
895 1390 978 1439 δίκη
1006 1389 1205 1441 γνώσεσθ’
1237 1389 1318 1441 ἅμα
1341 1388 1447 1430 ταῦτ’

55 1470 95 1491 20
116 1455 370 1496 ἀκούσαντες.

182 1525 349 1573 Πρῶτον
374 1523 446 1571 μὲν
471 1521 540 1561 οὖν
561 1523 651 1572 ὑμῖν
668 1522 943 1574 ἀναγνώσεται
968 1524 1037 1564 τὰς
1058 1522 1269 1575 συνθήκας,
1294 1523 1378 1564 καθ’
1404 1524 1449 1565 ἃς

117 1588 318 1639 ἐμίσθωσε
335 1589 504 1628 Πασίων
523 1588 595 1638 τὴν
611 1588 806 1640 τράπεζαν
825 1589 950 1644 τούτῳ
973 1590 1035 1630 καὶ
1054 1589 1100 1629 τὸ
1119 1591 1446 1642 ἀσπιδοπηγεῖον.

117 1655 184 1695 καί
217 1671 284 1705 μοι
322 1657 429 1705 λαβὲ
465 1656 535 1697 τὰς
573 1655 770 1706 συνθήκας
809 1656 870 1696 καὶ
909 1656 980 1706 τὴν
1021 1657 1246 1708 πρόκλησιν
1283 1658 1345 1698 καὶ
1380 1658 1450 1699 τὰς

113 1722 325 1773 μαρτυρίας
349 1722 525 1762 ταυτασί.

58 1855 96 1886 25
384 1843 604 1872 ΣΤΝΘΗΚΑῙ.
656 1844 901 1874 ΠΡΟΚΛΗΣῙΣ.
951 1846 1178 1873 ΜΑΡΤΎΡΙΑΙ.

254 1925 303 1964 Αἱ
328 1925 401 1974 μὲν
439 1923 507 1963 οῧν
544 1927 748 1974 συνθῆκαι,
777 1925 862 1964 καθ’
895 1925 940 1966 ’ἀς
977 1927 1203 1976 ἐμίσθωσεν
1234 1927 1254 1965 ὁ
1282 1926 1451 1966 Πασίων

120 1991 244 2045 τούτῳ
269 1990 340 2040 τὴν
365 1989 559 2042 τράπεζαν
584 1992 647 2031 καὶ
672 1991 717 2031 τὸ
754 1993 1070 2044 ἀσπιδοπηγεῖον
1100 1992 1172 2043 ἤδη
1200 1992 1286 2032 καθ’
1312 1992 1451 2033 ἑαυτὸν

165 2111 184 2139 3
208 2101 250 2133 τὰ
266 2101 370 2133 δίκαια
386 2100 463 2131 secl.
487 2101 712 2141 Herwerden,
734 2101 775 2132 cf.
794 2102 901 2132 xxxiii
917 2103 958 2132 ad
978 2103 1035 2134 fin.
1185 2105 1205 2133 6
1227 2101 1269 2134 ἵν’
1287 2105 1322 2135 ἐκ
1338 2106 1404 2135 τῶν
1419 2102 1451 2133 Α

124 2154 142 2183 7
167 2145 278 2176 οὑτοσί
293 2155 356 2175 om.
376 2144 400 2173 F
414 2144 443 2181 Q
458 2144 488 2173 D
580 2146 768 2186 ἀπαλλαγηι
785 2146 834 2178 τίς
852 2146 876 2176 S
980 2147 1042 2185 7-8
1066 2145 1139 2187 παρ’
1157 2149 1228 2185 ὑμῖν
1245 2146 1333 2185 vulg.
1348 2158 1354 2177 :
1379 2145 1450 2186 παρ’

124 2189 210 2227 ὑμῶν
227 2187 257 2217 D
276 2188 440 2226 Harpocr.
589 2198 628 2217 10
651 2189 806 2226 πεποίηκε
822 2189 854 2218 Α
998 2200 1035 2228 14
1060 2193 1177 2222 τοῦτον
1193 2191 1255 2230 οὐχ
1273 2189 1298 2220 S
1313 2201 1320 2220 ε
1345 2189 1452 2221 οὐκέτι

124 2233 240 2262 τοῦτον
255 2231 344 2269 vulg.
479 2240 582 2269 14-15
608 2233 708 2262 εἴκοσι
725 2232 894 2265 ταλάντων
910 2232 941 2262 Α
1067 2243 1106 2272 19
1130 2236 1169 2266 ὡς
1187 2243 1251 2264 om.
1269 2233 1301 2263 A
1372 2233 1451 2273 ἅμα]

125 2273 153 2306 δ’
169 2273 233 2313 ἅμα
248 2273 279 2303 Α
347 2284 389 2303 20
407 2275 603 2306 ἀκούσαντες
622 2274 646 2305 S
663 2286 669 2305 :
695 2275 866 2308 ἀκούοντες
881 2276 971 2315 vulg.
1036 2286 1078 2306 22
1103 2277 1338 2317 ἆσπιδοπήγιον
1355 2276 1451 2307 codd.

126 2317 180 2347 hic
198 2322 231 2346 et
249 2320 286 2355 ἐξ
307 2327 356 2357 ΙΙ,
374 2327 422 2357 13,
442 2327 495 2356 23,
512 2327 554 2357 35
675 2328 715 2357 24
739 2319 858 2352 ταύτας
875 2319 906 2350 Α
1028 2330 1068 2359 27
1093 2321 1154 2359 τὴν
1170 2319 1332 2361 τράπεζαν
1348 2319 1452 2360 τούτῳ

127 2360 236 2399 FQD

1465 62 1589 118 [944]

1472 724 1596 780 [945]

1472 866 1492 900 ψ.)
