1685 2772
107 98 230 158 [950]

190 306 230 340 Ι9

186 776 232 800 20

186 1310 225 1335 21

114 1692 225 1747 [951]

684 110 1168 150 ΔΗΜΟΣΘΕΝΟΎΣ
1437 106 1588 161 [xxxv1

262 219 460 261 πεισθεῖσ’
479 219 555 260 ὑπὸ
584 220 736 266 τούτου,
759 219 821 260 καὶ
851 219 999 260 τούτων
1019 220 1289 260 ἀπολωλότων
1307 219 1377 260 οὐκ
1397 219 1483 274 ἔχει
1501 222 1589 261 τίνα

260 287 336 340 χρὴ
361 287 509 338 τρόπον
533 286 639 326 ταῦτ’
665 286 895 340 ἐξελέγχειν
912 287 1097 338 ἀκριβῶς.
1168 286 1258 339 περὶ
1282 287 1328 337 δὴ
1353 287 1501 328 τούτων
1528 289 1589 328 καὶ

261 353 403 404 ταύτης
417 356 486 404 τῆς
506 353 631 395 αἰτίας
656 353 859 406 σκέψασθ’
878 353 982 404 ἡλίκ’
1008 352 1056 393 ἄν
1081 370 1139 395 τις
1160 354 1248 407 ἔχοι
1271 352 1445 405 τεκμήρι’
1465 355 1590 394 εἰπεῖν

261 421 320 460 ὅτι
348 421 551 472 ψεύδεται.
621 425 776 472 πρῶτον
809 422 882 471 μὲν
917 419 1005 473 γάρ,
1040 418 1070 460 ὦ
1107 420 1244 472 ἄνδρες
1281 419 1498 471 Ἀθηναῖοι,
1532 422 1592 462 τίς

260 485 308 528 ἂν
333 486 514 539 ἐνείματο
537 488 586 527 τὰ
609 491 771 542 πατρῷα
795 487 847 538 μὴ
867 488 1009 538 λαβὼν
1033 486 1256 540 γράμματα,
1276 487 1323 539 ἐξ
1343 488 1397 528 ὧν
1422 487 1591 539 ἔμελλεν

262 555 444 595 εἴσεσθαι
459 554 530 604 τὴν
550 557 891 607 καταλειφθεῖσαν
910 554 1051 595 οὐσίαν
1058 571 1070 601 ,·
1110 555 1198 595 οὐδὲ
1214 556 1269 596 εἷς
1284 553 1421 605 δήπου.
1466 556 1592 595 καίτοι

261 624 368 662 δυοῖν
393 620 518 662 δέοντ’
545 623 694 662 εἴκοσιν
721 621 788 672 ἔτη
822 622 934 662 ἐστὶν
965 621 1012 672 ἐξ
1044 622 1135 662 ὅτου
1164 623 1319 673 ἐνείμω,
1348 622 1411 662 καὶ
1444 621 1514 662 οὐκ
1543 621 1592 663 ἂν

263 688 369 742 ἔχοις
390 686 593 739 ἐπιδεῖξαι,
613 688 664 731 ὡς
686 688 928 731 ἐνεκάλεσας
948 688 1101 729 πώποθ’
1121 690 1218 741 ὑπὲρ
1237 693 1314 730 τῶν
1333 688 1589 741 γραμμάτων.

262 755 444 808 δεύτερον
474 755 529 802 δέ,
560 757 619 798 τίς
652 755 720 796 οὐκ
750 756 811 803 ἄν,
849 756 955 810 ἡνίχ’
986 757 1006 796 6
1044 758 1255 806 Πασικλῆς
1291 755 1390 808 ἀνὴρ
1417 757 1592 809 γεγονὼς

262 823 461 874 ἐκομίζετο
485 821 554 863 τὸν
577 823 702 875 λόγον
727 826 796 873 τῆς
812 825 1038 875 ἐπιτροπῆς,
1063 824 1096 863 εἰ
1122 822 1170 863 δι’
1187 824 1304 863 αὑτοῦ
1323 824 1371 863 τὰ
1395 823 1591 875 γράμματ’

261 890 375 931 ὤκνει
400 890 471 940 τὴν
496 889 628 942 μητέρ’
653 891 858 931 αἰτιᾶσθαι
889 888 1181 943 διεφθαρκέναι,
1209 890 1331 944 τούτῳ
1363 889 1468 930 ταῦτ’
1502 889 1588 940 ἐδή-

260 962 407 1003 λωσεν,
430 958 535 999 ὅπως
551 959 615 997 διὰ
639 957 778 998 τούτου
797 957 903 997 ταῦτ’
930 956 1131 1010 ἠλέγχθη;
1170 958 1301 1008 τρίτον
1327 956 1372 1003 δ’,
1401 958 1443 997 ἐκ
1467 958 1591 997 ποίων

261 1023 500 1076 γραμμάτων
532 1025 601 1066 τὰς
630 1025 736 1066 δίκας
775 1023 1019 1078 ἐλάγχανες;
1071 1023 1184 1065 οὗτος
1213 1025 1288 1076 γὰρ
1322 1027 1489 1066 πολλοῖς
1513 1028 1593 1064 τῶν

260 1095 433 1132 πολιτῶν
473 1092 581 1133 δίκας
626 1090 844 1145 λαγχάνων
892 1092 1025 1131 πολλὰ
1073 1089 1242 1145 χρήματ’
1291 1090 1589 1143 εἰσπέπρακται,

260 1157 427 1211 γράφων
447 1159 502 1200 εἰς
525 1160 572 1198 τὰ
598 1157 828 1211 ἐγκλήματα
850 1157 1034 1210 (ἔβλαψέ
1057 1175 1106 1209 με
1128 1158 1148 1197 6
1168 1160 1276 1198 δεῖνα
1295 1157 1362 1197 οὐκ
1383 1157 1592 1199 ἀποδιδοὺς

261 1226 348 1276 ἐμοὶ
372 1225 418 1266 τὸ
443 1225 641 1277 ἀργύριον,
669 1225 689 1265 ὃ
721 1225 932 1266 κατέλιπεν
959 1225 979 1264 6
1005 1225 1132 1277 πατὴρ
1166 1225 1383 1276 ὀφείλοντα
1407 1223 1525 1265 αὐτὸν
1549 1225 1592 1264 ἐν

260 1296 344 1334 τοῖς
362 1291 620 1345 γράμμασιν’.
682 1294 807 1333 καίτοι
828 1294 861 1333 εἷ
878 1291 1079 1344 ἠφάνιστο
1099 1293 1146 1332 τὰ
1163 1291 1386 1344 γράμματα,
1408 1293 1450 1331 ἐκ
1469 1292 1592 1332 ποίων

260 1359 500 1411 γραμμάτων
519 1361 587 1401 τὰς
606 1361 714 1401 δίκας
740 1359 965 1412 ἐλάγχανεν
973 1376 985 1406 ;
1024 1359 1131 1399 ἀλλὰ
1150 1358 1227 1410 μὴν
1247 1359 1308 1399 ὅτι
1331 1358 1437 1398 ταῦτ’
1463 1359 1591 1408 ἀληθῆ

259 1425 378 1478 λέγω,
399 1426 470 1477 τὴν
485 1428 557 1476 μὲν
577 1425 701 1477 νομὴν
718 1426 904 1477 ἀκηκόαθ’
930 1425 978 1476 ἣν
1006 1428 1199 1477 ἐνείματο,
1220 1426 1282 1467 καὶ
1301 1425 1593 1478 μεμαρτύρηται

260 1494 362 1544 ὑμῖν·
392 1497 469 1534 τῶν
486 1495 526 1533 δὲ
542 1492 697 1544 λήξεων
712 1493 861 1534 τούτων
880 1494 1154 1546 ἀναγνώσεται
1175 1494 1266 1544 ὑμῖν
1282 1495 1350 1535 τὰς
1366 1493 1590 1546 μαρτυρίας.

259 1563 365 1611 λαβὲ
390 1562 458 1603 τὰς
481 1561 694 1612 μαρτυρίας
717 1577 796 1611 μοι.

813 1712 1038 1740 ΜΑΡΤΎΡῘΑῙ.

327 1789 480 1830 Οὐκοῦν
506 1791 549 1831 ἐν
572 1790 731 1833 ταύταις
756 1795 840 1833 ταῖς
860 1790 1027 1843 λήξεσιν
1045 1791 1301 1843 ὡμολόγηκεν
1322 1792 1589 1845 ἀπειληφέναι

259 1857 306 1895 τὰ
331 1860 398 1896 τοῦ
423 1857 568 1909 πατρὸς
602 1857 824 1910 γράμματα·
875 1859 919 1899 οὐ
943 1860 1019 1911 γὰρ
1053 1858 1097 1908 δὴ
1129 1863 1395 1911 συκοφαντεῖν
1424 1877 1482 1912 γε,
1509 1859 1589 1900 οὐδ’

259 1924 313 1963 ὧν
338 1923 406 1963 οὐκ
431 1924 608 1976 ὤφειλον
634 1925 741 1965 οὗτοι
767 1924 995 1976 δικάζεσθαι
1019 1924 1188 1978 φήσειεν
1214 1924 1274 1966 ἄν.

327 1992 487 2041 Νομίζω
514 1992 660 2038 τοίνυν,
680 1991 709 2032 ὦ
736 1991 872 2044 ἄνδρες
899 1992 1113 2042 Ἀθηναῖοι,
1133 1991 1320 2044 μεγάλων
1342 1994 1403 2033 καὶ
1424 1997 1588 2034 πολλῶν

259 2058 382 2098 ὄντων
409 2057 454 2108 ἐξ
480 2060 534 2098 ὧν
560 2059 672 2099 ἔστιν
705 2060 802 2100 ἰδεῖν
833 2059 903 2100 οὐκ
933 2060 1141 2099 ἀδικοῦντα
1173 2059 1386 2110 Φορμίωνα
1418 2060 1585 2106 τουτονί,

1612 508 1630 540 5

1613 846 1654 868 10

1614 1178 1651 1210 Ι5

1613 1518 1652 1540 20

1608 1954 1649 1988 25

258 2123 450 2175 μέγιστον
480 2125 664 2166 ἁπάντων
691 2126 803 2172 εἶναι,
830 2126 889 2165 ὅτι
916 2127 1138 2176 Πασικλῆς,
1167 2125 1342 2178 ἀδελφὸς
1367 2125 1421 2167 ὢν
1445 2125 1589 2167 Ἀπολ-

259 2191 435 2244 λοδώρου
470 2193 636 2238 τουτουί,
672 2193 761 2233 οὔτε
797 2193 907 2242 δίκην
945 2193 1105 2245 εἴληχεν
1142 2191 1221 2232 οὔτ’
1258 2192 1349 2233 ἄλλ’
1386 2193 1497 2234 οὐδὲν
1533 2194 1587 2233 ὧν

304 2311 366 2339 4-5
390 2302 439 2333 τίς
457 2301 595 2340 ἐνείματ’
614 2302 652 2333 ἃν
670 2301 769 2331 Blass
945 2302 966 2330 6
990 2302 1089 2334 οὐδεὶς
1108 2300 1138 2331 Α
1313 2312 1334 2340 9
1359 2305 1375 2333 ὁ
1390 2312 1455 2333 om.
1475 2302 1500 2332 F
1513 2302 1586 2341 QD

264 2354 301 2374 12
326 2347 468 2386 ἐλεγχθῇ
485 2345 515 2374 Α
652 2346 690 2374 16
714 2343 906 2376 κατέλειπεν
924 2343 947 2374 S
1084 2354 1121 2383 17
1146 2346 1187 2377 τὰ
1202 2344 1389 2386 γράμματα]
1407 2347 1445 2377 τὸ
1456 2346 1587 2386 γράμμα

261 2387 286 2418 S
421 2389 459 2418 18
484 2387 668 2429 ἐλάγχανεν
686 2388 709 2418 S
721 2388 750 2417 Α
765 2387 794 2417 D
809 2399 816 2418 z
842 2387 1025 2428 ἐλάγχανες
1044 2387 1109 2426 FQ
1242 2399 1282 2419 22
1308 2394 1508 2422 MAPTTPIA
1525 2390 1550 2420 S
