1685 2772
44 91 190 149 [1006]
349 105 782 144 ΔΗΜΟΣΘΕΝΟΤΣ
819 105 963 143 ΠΡΟΣ
1002 105 1252 144 ΒΟΙΩΤΟΝ
1426 100 1556 157 [xxm

223 213 321 270 τάτῃ
351 214 531 255 δικάσειν
564 216 807 266 ὀμωμόκατε,
843 215 939 256 ὥστ’
970 217 1004 257 εἶ
1031 217 1168 268 μηδεὶς
1197 215 1248 267 ἦν
1282 217 1372 269 περὶ
1405 217 1554 257 τούτων

225 283 400 332 κείμενος
437 283 569 333 νόμος,
610 282 680 322 κᾶν
717 284 817 323 οὕτω
855 284 1011 325 δικαίως
1047 287 1140 336 πρὸς
1179 284 1274 335 ἐμοῦ
1308 283 1379 334 τὴν
1412 286 1554 336 ψῆφον

47 340 190 395 [1007]
223 348 377 390 ἔθεσθε.
449 351 509 391 τίς
533 349 610 402 γάρ
630 351 740 390 ἐστιν
765 351 872 401 ὑμῶν
898 351 1011 392 ὅστις
1033 350 1177 391 ταύτὸν
1197 352 1323 402 ὄνομα
1338 354 1421 392 τοῖς
1436 352 1556 392 αὑτοῦ

223 416 362 456 παισὶν
388 416 559 457 τέθειται
585 419 711 464 ὃυοῖν;
750 419 808 459 τίς
824 416 870 463 δ’,
900 415 928 472 ᾧ
948 416 1066 470 μήπω
1087 421 1222 459 παῖδες
1248 419 1339 464 εἷο-ί,
1368 416 1552 469 θήσεται,·

149 502 190 534 41
224 482 351 526 οὐδεὶς
380 483 518 535 δήπου.
591 484 730 525 οὐκοῦν
766 483 787 525 ὃ
813 484 964 525 δίκαιον
995 490 1043 541 τῇ
1076 484 1213 541 γνώμῃ
1241 488 1323 527 τοῖς
1352 484 1553 538 ὑμετέροις
1573 501 1591 533 5

223 550 349 590 αὐτῶν
387 552 528 592 παισὶν
569 550 831 604 ὑπειλήφατε,
869 554 984 592 τοῦτο
1020 551 1083 592 καὶ
1118 551 1206 604 περὶ
1240 551 1351 603 ἡμῶν
1387 552 1554 603 εὐσεβὲς

222 622 380 669 γνῶναα
454 619 559 660 ὥστε
586 620 772 659 καὶκατὰ
800 618 872 669 τὴν
902 618 1150 670 δωαηοτάτην
1181 619 1340 672 γνώμην
1365 619 1553 661 καὶκατὰ

221 685 310 727 τοὺς
336 687 478 736 νόμους
505 688 567 727 καὶ
595 688 692 727 κατὰ
711 686 799 727 τοὺς
820 687 957 739 ὅρκους
976 686 1040 727 καὶ
1060 687 1157 727 κατὰ
1176 685 1246 737 τὴν
1266 687 1406 728 τούτου
1424 704 1548 739 προσ-

221 754 438 805 ομολογίαν
464 755 541 806 ἐγὼ
565 756 638 805 μὲν
662 753 787 806 μέτρι’
811 755 930 805 ὑμῶν,
959 752 988 793 ὦ
1014 753 1150 806 ἄνδρες
1176 753 1393 804 Ἀθηναῖοι,
1415 753 1552 805 δέομαι

223 820 284 859 καὶ
321 819 434 860 δίκαι’
472 820 580 871 ἀξιῶ,
620 821 733 863 οὗτος
764 821 797 861 δ’
835 821 879 861 οὐ
914 821 1037 873 μόνον
1074 820 1118 860 οὐ
1153 820 1303 873 μέτρια,
1342 820 1435 861 ἀλλ’
1472 821 1551 862 οὐδ’
1573 833 1614 856 10

223 887 387 927 εἰωθότα
409 889 632 940 γίγνεσθαι.

267 1006 279 1026 1
306 996 448 1028 δικάσειν
464 996 669 1037 ὀμωμόκατε]
690 996 834 1036 δικάζετε
854 997 882 1027 Α
1033 1009 1051 1028 2
1076 999 1173 1030 οὕτως
1193 998 1215 1028 S
1233 998 1261 1028 D
1373 998 1449 1040 πρὸς
1476 1000 1551 1037 ἐμοῦ

221 1040 344 1072 δικαίως
364 1039 389 1070 F
402 1039 431 1077 Q
445 1039 474 1069 D
579 1052 598 1080 3
623 1043 691 1073 τοῖς
709 1041 786 1071 secl.
809 1041 906 1071 Blass
1013 1052 1032 1079 4
1057 1044 1142 1072 δυοῖν
1160 1041 1224 1071 SA
1239 1053 1245 1072 :
1271 1044 1356 1074 δυοῖν
1371 1042 1443 1074 οὖσι
1458 1042 1548 1082 vulg.

219 1084 268 1115 τίς
286 1107 293 1114 .
312 1107 319 1114 .
340 1107 346 1114 .
367 1084 513 1122 θήσεται,·
538 1095 601 1115 om.
625 1083 663 1114 S²
762 1085 782 1114 8
806 1084 922 1116 τούτου
943 1085 1202 1126 προσομολογίαν
1223 1085 1246 1114 S
1264 1086 1372 1124 vulg.:
1397 1088 1455 1117 τοῦ
1473 1090 1550 1126 πρός

222 1127 255 1167 (i.
269 1138 295 1157 e.
317 1128 450 1169 πατρὸς)
470 1129 647 1169 ὁμολογίαν
665 1128 750 1169 Ξγρ.
775 1127 850 1168 Ιῗγρ
878 1127 972 1169 Ωγρ.
1117 1129 1180 1167 8-9
1205 1128 1306 1158 verba
1319 1128 1372 1159 καὶ
1389 1129 1472 1161 κατὰ
1489 1130 1550 1167 τὴν

219 1170 334 1202 τούτου
351 1172 614 1212 προσομολογίαν
631 1176 665 1201 et
685 1174 722 1209 ξς
739 1172 846 1210 37-38
860 1171 956 1201 uncis
970 1172 1122 1202 rotundis
1140 1171 1275 1202 inclusit
1288 1172 1393 1211 Blass,
1406 1177 1440 1202 ut
1457 1177 1546 1211 post-

219 1215 317 1244 modo
336 1215 470 1245 demum
488 1215 530 1245 ab
548 1219 682 1245 oratore
702 1216 828 1245 inserta
919 1225 940 1253 9
965 1215 1117 1255 δεήσομαι
1133 1214 1164 1244 A

264 1258 300 1288 In
320 1258 342 1288 S
361 1258 586 1297 subscriptum

621 1306 726 1334 ΠΡΟΣ
751 1307 932 1333 ΒΟΙΩΤΟΝ
957 1306 1048 1333 ΠΕΡΙ
1072 1307 1152 1334 ΤΟὙ

771 1349 998 1378 ΟΝΟΜΑΤΟΣ

747 1393 1022 1428 ΗΗΗῙῃΔΔΔ
