1685 2772
174 122 335 177 xxm]
395 128 538 165 ΠΡΟΣ
577 127 826 164 ΒΟΙΩΤΟΝ
866 127 993 163 ΠΕΡΙ
1032 127 1144 163 TOT
1176 127 1488 164 ONOMATOE
1544 116 1666 169 [997]

177 236 324 290 ἄρχων,
350 236 560 288 βασιλεύς,
587 234 812 282 ἀθλοθέται,
840 236 882 276 τί
906 240 1071 286 σημεῖον
1096 237 1210 277 ἔσται
1242 237 1410 288 πότερον
1437 253 1502 276 κα-

179 306 386 350 θιστᾶσινς
425 301 848 355 προσπαραγράψουσι
879 302 925 352 νὴ
961 303 1040 343 Δία
1069 303 1139 344 τὸν
1173 304 1217 344 ἐκ
1250 304 1502 355 Πλαγγόνος,

176 369 224 410 ἂν
262 372 309 410 σὲ
348 369 619 422 ἐγγράφωσιν,
651 368 699 409 ἂν
736 369 769 409 δ’
800 368 882 420 ἐμέ,
912 372 982 420 τῆς
1013 371 1107 420 ἐμῆς
1140 369 1285 421 μητρὸς
1321 370 1504 421 τοῦνομα.

179 437 240 477 καὶ
275 438 335 479 τίς
372 436 517 487 ἤκουσε
553 437 724 483 πώποτε,
760 432 784 486 ἢ
816 437 913 476 κατὰ
951 441 1067 477 ποῖον
1109 437 1230 487 νόμον
1272 453 1503 488 προσπαρα·

139 521 156 552 5
177 503 364 557 γράφοιτ’
387 503 436 544 ἂν
463 507 576 544 τοῦτο
599 502 643 543 τὸ
670 502 938 556 παράγραμμα
962 500 986 554 ἢ
1011 503 1115 544 ἄλλο
1140 521 1176 544 τι
1205 503 1309 553 πλὴν
1335 505 1354 542 6
1380 503 1507 555 πατὴρ

179 571 241 611 καὶ
273 571 295 610 6
323 573 462 621 δῆμος,·
499 572 553 610 ὧν
583 572 709 611 ὄντων
741 571 893 623 ἀμφοῖν
926 575 1004 611 τῶν
1038 571 1164 610 αὐτῶν
1195 570 1326 620 πολλὴ
1355 570 1506 623 ταραχὴ

179 639 405 688 συμβαίνει.
465 637 575 690 φέρε,
602 639 636 678 εἰ
660 640 701 678 δὲ
728 637 860 690 κριτὴς
887 642 1048 678 καλοῖτο
1077 638 1303 678 Μαντίθεος
1328 638 1508 678 Μαντίου
1546 653 1591 679 10

180 706 378 756 Θορίκιος,
405 706 446 745 τί
477 703 525 745 ἂν
552 708 749 755 ποιοῖμεν;
788 701 811 754 ἢ
836 705 1066 755 βαδίζοιμεν
1098 703 1146 744 ἂν
1177 704 1315 755 ἄμφω;
1354 707 1406 758 τῷ
1432 705 1506 756 γὰρ

179 772 294 812 ἔσται
318 774 440 822 δῆλον
471 772 637 824 πότερον
663 773 710 811 σὲ
741 770 931 821 κέκληκεν
963 768 986 821 ἢ
1013 770 1100 821 ἐμέ;
1139 770 1236 823 πρὸς
1263 771 1373 814 Διός,
1400 770 1449 811 ἃν
1473 770 1506 811 δ’

121 859 160 881 10
179 838 306 891 ἀρχὴν
338 839 520 889 ἡντινοῦν
547 838 571 889 ἡ
603 839 719 879 πόλις
751 841 900 889 κληροῖ,
936 839 1020 878 οἷον
1049 840 1215 888 βουλῆς,
1252 837 1504 888 θεσμοθέτου,

178 909 256 945 τῶν
285 904 433 950 ἄλλων,
460 909 513 959 τῷ
543 908 663 955 δῆλος
694 905 715 944 ὁ
745 905 885 958 λαχὼν
920 905 1031 955 ἡμῶν
1068 905 1201 951 ἕσται;
1240 904 1345 954 πλὴν
1375 906 1408 945 εἰ
1438 923 1507 955 ση·

178 976 303 1024 μεῖον,
331 972 464 1023 ὥσπερ
499 969 583 1024 <ἂν>
619 971 730 1026 ἄλλῳ
767 973 856 1018 τινί,
895 976 948 1027 τῷ
985 973 1139 1026 χαλκίῳ
1177 971 1408 1024 προσέσται·
1448 972 1509 1012 καὶ

180 1039 269 1080 οὐδὲ
297 1038 612 1091 τοῦθ’ὁποτέρου
640 1039 815 1080 {ffrhaeoi
843 1039 987 1079 πολλοὶ
1019 1039 1255 1092 γνώσονται.
1327 1038 1464 1079 οὐκοῦν
1489 1040 1509 1078 6

179 1108 251 1157 μὲν
277 1106 427 1152 ἑαυτόν,
455 1107 532 1158 ἐγὼ
553 1105 585 1145 δ’
605 1105 772 1157 ἐμαυτὸν
793 1105 913 1159 φήσω
934 1106 1002 1147 τὸν
1023 1106 1198 1159 εἰληχότ’
1219 1105 1329 1147 εἶναι.
1367 1106 1509 1147 λοιπὸν
1548 1124 1585 1149 11

122 1193 160 1224 15
181 1175 235 1215 εἷς
276 1173 321 1214 τὸ
359 1173 610 1225 δικαστήριον
648 1170 777 1226 [ἡμᾶς]
820 1173 998 1214 εἰσιέναι.
1073 1173 1212 1213 οὐκοῦν
1251 1172 1316 1225 ἐφ’
1355 1172 1509 1228 ἑκάστῳ

180 1240 327 1281 τούτων
352 1239 605 1292 δικαστήριον
627 1240 720 1291 ἡμῖν
744 1240 767 1291 ἡ
794 1241 912 1282 πόλις
939 1243 1075 1286 καθιεῖ,
1106 1240 1166 1280 καὶ
1191 1243 1259 1279 τοῦ
1282 1242 1354 1291 μὲν
1381 1244 1510 1281 κοινοῦ

183 1308 244 1347 καὶ
280 1309 381 1353 ἴσου,
412 1310 480 1346 τοῦ
510 1307 578 1347 τὸν
609 1306 953 1361 λαχόντ’ἄρχεηη
981 1307 1351 1359 ἀποστερησόμεθα,
1382 1306 1506 1358 ἀλλή-

181 1379 275 1416 λους
307 1376 348 1414 δὲ
383 1376 618 1424 πλυνοῦμεν,
646 1375 707 1414 καὶ
738 1375 758 1413 6
791 1378 844 1428 τῷ
876 1374 986 1428 λόγῳ
1020 1372 1218 1425 κρατήσας
1254 1373 1373 1426 ἄρξει.
1447 1374 1509 1415 καὶ

182 1440 313 1492 πότερ’
353 1439 402 1480 ἂν
447 1441 634 1491 βελτίους
676 1442 809 1491 εἴημεν
851 1445 929 1481 τῶν
978 1442 1243 1494 ὑπαρχουσῶν
1288 1444 1510 1482 δυσκολιῶν

124 1528 163 1549 20
183 1507 539 1557 ἀπαλλαττόμενοι,
573 1504 596 1557 ἢ
634 1509 767 1550 καινὰς
796 1507 942 1561 ἔχθρας
981 1508 1043 1548 καὶ
1075 1509 1343 1561 βλασφημίας
1379 1508 1511 1549 ποιού-

182 1591 311 1625 μενοι,·
350 1574 395 1616 ἃς
432 1574 527 1614 πᾶσ’
564 1573 713 1626 ἀνάγκη
756 1576 1008 1626 συμβαίνειν,
1049 1576 1144 1615 ὅταν
1183 1575 1307 1628 ἀρχῆς
1348 1574 1372 1626 ἥ
1408 1593 1514 1618 τινος

184 1641 309 1681 ἄλλου
335 1640 431 1694 πρὸς
455 1641 554 1692 ἡμᾶς
579 1641 718 1683 αὐτοὺς
743 1642 1081 1694 ἀμφισβητῶμεν.
1152 1643 1193 1682 τί
1214 1641 1260 1688 δ’,
1282 1641 1330 1682 ἂν
1349 1641 1423 1695 ἄρα
1440 1641 1517 1694 (δεῖ
1545 1616 1670 1707 Ξὲ98]

183 1709 257 1760 γὰρ
282 1707 436 1748 ἅπαντα
460 1705 587 1760 [ἡμᾶς]
607 1707 809 1759 ἐξετάσαι)
829 1709 965 1760 ἅτερος
985 1709 1094 1760 ἡμῶν
1116 1709 1258 1749 πείσας
1277 1711 1345 1749 τὸν
1365 1709 1512 1762 ἕτερον,

184 1776 252 1815 ἐὰν
275 1774 396 1831 λάχῃ,
424 1778 662 1827 παραδοῦναι
693 1777 795 1830 αὑτῷ
830 1775 902 1825 τὴν
928 1775 1068 1829 ἀρχήν,
1099 1777 1200 1816 οὕτω
1235 1779 1442 1828 κληρῶται,
1469 1775 1513 1816 τὸ

125 1862 161 1892 ²5
183 1845 289 1882 δυοῖν
313 1842 508 1882 πινακίοιν
532 1841 601 1882 τὸν
627 1842 696 1882 ἕνα
723 1845 966 1894 κληροῦσθαι
990 1843 1030 1882 τί
1061 1842 1152 1882 ἄλλ’
1178 1843 1309 1889 ἐστίν,·
1353 1842 1420 1883 εἶτ’
1449 1842 1513 1896 ἐφ’

183 1907 212 1963 ᾦ
239 1907 409 1949 θάνατον
435 1909 573 1959 ζημίαν
598 1909 618 1947 6
643 1909 760 1959 νόμος
789 1908 913 1962 λέγει,
941 1909 1047 1950 τοῦθ’
1076 1910 1169 1960 ἡμῖν
1203 1910 1325 1951 ἀδεῶς
1355 1908 1513 1960 ἐξέσται

185 1974 389 2026 πράττειν;
433 1974 560 2016 ’πάνυ
586 1993 644 2027 γε·
697 1976 740 2015 οὐ
771 1977 845 2028 γὰρ
875 1976 922 2016 ἂν
953 1976 1046 2017 αὐτὸ
1081 1975 1344 2028 ποιήσαιμεν.’
1427 1977 1512 2017 οἶδα

226 2084 245 2113 3
268 2074 435 2115 γράφωσιν
454 2074 520 2112 FQ
658 2084 677 2112 4
701 2079 778 2113 post
797 2075 847 2106 καὶ
866 2075 977 2105 omnia
996 2085 1101 2114 usque
1118 2076 1159 2106 ad
1176 2088 1285 2116 γυναι-
1304 2077 1339 2117 (ξ
1353 2075 1409 2116 26)
1428 2075 1461 2106 in
1478 2076 1510 2107 A

183 2118 315 2155 desunt,
337 2118 466 2148 duobus
483 2117 574 2148 foliis
591 2117 777 2157 deperditis
897 2119 916 2156 ἢ
934 2118 997 2148 del.
1018 2118 1135 2156 Riiger
1253 2129 1272 2158 5
1296 2120 1426 2160 ’γράμμα
1443 2119 1510 2159 FQ

184 2171 200 2199 7
226 2162 254 2193 εἰ
271 2161 305 2193 δὲ
322 2162 361 2200 δὴ
380 2161 465 2199 FQ:
498 2162 525 2192 εἶ
542 2160 575 2193 δὲ
592 2162 645 2193 καὶ
661 2160 812 2199 Apsines
830 2171 862 2201 p.
881 2163 945 2192 288
964 2161 1160 2201 (Hammer)
1254 2174 1293 2193 10
1317 2163 1511 2202 θεσμοθέτου

182 2204 269 2244 vulg.
288 2216 296 2236 ε
320 2206 340 2243 ἢ
358 2209 383 2236 θ.
402 2205 421 2242 ἢ
439 2204 463 2235 S
565 2213 600 2233 11
622 2205 650 2235 εἰ
667 2204 690 2234 S
706 2215 713 2234 t
738 2206 766 2235 εἴ
780 2205 824 2243 μὴ
840 2205 930 2243 vulg.
1032 2215 1070 2235 12
1095 2206 1201 2246 ὥσπερ
1218 2204 1298 2248 (ἂν)
1318 2206 1416 2237 Blass
1434 2207 1506 2238 coll.

185 2250 200 2284 ξ
221 2258 260 2286 27
357 2247 486 2288 χαλκίῳ
505 2246 540 2278 S‘
554 2257 570 2277 r
584 2247 686 2287 Pap.:
710 2247 854 2288 χαλκείῳ
870 2248 959 2286 vulg.
1064 2258 1101 2288 15
1125 2249 1206 2287 ἡμᾶς
1225 2249 1248 2280 S
1262 2249 1287 2279 F
1303 2260 1388 2281 corr.
1405 2262 1412 2281 :
1435 2251 1510 2290 ἡμῖν

185 2290 247 2322 Flz
283 2301 347 2322 om.
376 2290 406 2328 Q
432 2291 533 2330 Pap.:
569 2301 632 2330 ego
658 2291 781 2321 seclusi
914 2290 1040 2333 ἑκάστῳ
1065 2292 1089 2322 S
1116 2291 1218 2331 Pap.:
1256 2293 1394 2325 ἑκάστου
1417 2293 1505 2332 vulg.

185 2345 226 2364 20
250 2335 357 2366 καινὰς
375 2334 399 2364 S
419 2334 496 2373 Pap?
516 2345 523 2364 :
547 2335 639 2366 κενὰς
656 2334 747 2373 vulg.
853 2345 894 2373 23
919 2335 1001 2374 ἡμᾶς
1018 2340 1095 2375 post
1112 2334 1238 2367 ἅπαντα
1257 2337 1280 2367 S
1298 2337 1379 2375 Pap.
1400 2348 1407 2366 :
1430 2341 1509 2367 ante

185 2377 414 2450 “z'vralvvglvulg.
428 2389 435 2410 ε
465 2377 544 2408 secl.
559 2377 657 2408 Blass
756 2378 844 2417 ἡμῶν
860 2388 928 2408 om.
944 2378 1024 2418 Pap.
1117 2388 1160 2416 24
1183 2381 1267 2420 αὑτῷ
1285 2380 1383 2411 codd.
1403 2379 1485 2420 Pap.
1500 2390 1510 2411 ι

185 2430 241 2450 sec
257 2444 264 2451 .
327 2431 382 2451 ass
