1685 2772
43 101 165 158 [954]
602 109 1098 148 ΔΗΜΟΣΘΕΝΟΤΣ
1384 105 1534 158 [xxm

196 220 266 261 εἶθ’
299 221 342 262 ὅς
369 222 480 261 ἐστιν
507 221 732 272 ὁμοιότερος
763 224 838 259 σοῦ
870 223 922 274 τῷ
958 224 1017 274 σῷ
1051 219 1182 272 πατρί,
1217 223 1369 265 τοῦτον,
1402 221 1436 259 εἶ
1463 222 1536 270 τὴν

119 304 163 340 32
194 287 344 339 μητέρα
373 287 443 337 τὴν
479 286 555 337 σὴν
584 287 744 339 ἔγημεν,
778 287 949 333 ἀναίνει;
995 288 1102 327 ἀλλὰ
1129 286 1207 337 μὴν
1231 287 1291 326 ὅτι
1321 303 1367 338 γε
1399 287 1536 328 δόντος

196 356 259 395 καὶ
284 352 586 406 ἐπισκήψαντος
614 357 683 393 τοῦ
712 357 787 393 σοῦ
817 353 964 405 πατρὸς
988 352 1096 393 ταῦτ’
1121 353 1314 406 ἐπράχθη,
1342 352 1386 392 οὐ
1413 354 1537 404 μόνον

196 423 239 462 ἐκ
264 423 332 472 τῆς
358 418 543 472 διαθήκης
574 420 686 461 ἔστιν
713 422 823 466 ἰδεῖν,
856 418 886 460 ὦ
915 420 1055 473 ἄνδρες
1079 419 1295 470 Ἀθηναῖοι,
1331 421 1439 460 ἀλλὰ
1474 420 1536 459 καὶ

197 488 246 528 σὺ
278 488 422 540 μάρτυς
453 487 569 528 αὐτὸς
601 486 784 540 γέγονας.
837 488 903 526 ὅτε
932 489 1009 539 γὰρ
1035 488 1084 526 τὰ
1112 490 1272 541 μητρῷα
1297 486 1393 540 πρὸς
1417 485 1535 539 μέρος
1553 505 1572 538 5

194 555 329 606 ἠξίους
360 554 563 606 νέμεσθαι,
601 556 726 595 ὄντων
756 555 907 595 παίδων
941 554 983 594 ἐκ
1015 555 1084 604 τῆς
1114 553 1298 605 γυναικὸς
1331 554 1533 606 Φορμίωνι

195 623 348 676 τουτῳί,
380 621 461 662 τόθ’
496 621 716 673 ὡμολόγεις
747 622 883 674 κυρίως
917 621 1056 663 δόντος
1084 624 1152 661 τοῦ
1184 619 1331 674 πατρὸς
1360 624 1429 660 τοῦ
1463 624 1535 660 σοῦ

198 690 293 729 κατὰ
328 688 418 730 τοὺς
454 689 597 739 νόμους
633 687 753 739 αὐτὴν
788 690 1055 740 γεγαμῆσθαι.
1115 689 1148 728 εἰ
1184 689 1259 740 γὰρ
1295 687 1415 738 αὐτὴν
1452 688 1535 741 εἶχε

195 756 338 807 λαβὼν
363 756 504 797 ἀδίκως
529 757 595 796 ὅδε
620 755 788 807 μηδενὸς
813 756 963 802 δόντος,
991 754 1060 812 οὐκ
1084 754 1189 806 ἦσαν
1214 756 1251 795 οἱ
1276 758 1413 796 παῖδες
1440 759 1533 806 κλη-

196 824 370 876 ρονόμοι,
414 826 496 865 τοῖς
538 825 581 864 δὲ
619 823 672 874 μὴ
717 823 976 876 κληρονόμοις
1022 822 1091 864 οὐκ
1140 821 1187 874 ἣν
1226 823 1419 873 μετουσία
1458 826 1536 862 τῶν
1558 842 1597 865 10

197 892 335 931 ὄντων.
395 891 502 931 ἀλλὰ
532 890 609 941 μὴν
635 891 695 930 ὅτι
727 890 835 931 ταῦτ’
860 892 989 941 ἀληθῆ
1018 889 1138 943 λέγω,
1169 891 1460 942 μεμαρτύρηται
1491 889 1536 930 τὸ

196 957 385 1011 τέταρτον
400 957 518 1011 μέρος
537 962 683 1009 λαβεῖν
701 958 763 998 καὶ
784 959 946 1011 ἀφεῖναι
965 962 1043 999 τῶν
1061 956 1320 1010 ἐγκλημάτων
1335 956 1533 998 ἁπάντων.

121 1041 164 1076 33
266 1025 362 1066 Κατ’
399 1027 512 1066 οὐδὲν
551 1027 695 1072 τοίνυν,
738 1024 767 1065 ‹T›
805 1025 943 1078 ἄνδρες
980 1025 1197 1075 Ἀθηναῖοι,
1236 1025 1385 1065 δίκαιον
1422 1024 1535 1065 οὐδὲν

199 1093 303 1146 ἔχων
330 1094 466 1139 εἰπεῖν,
494 1093 802 1134 ἀναιδεστάτους
831 1094 979 1145 λόγους
1013 1094 1163 1144 ἐτόλμα
1194 1091 1330 1144 λέγειν
1355 1091 1452 1144 πρὸς
1481 1095 1534 1146 τῷ

43 1156 165 1211 [955]
198 1163 385 1217 διαιτητῇ,
413 1161 501 1212 περὶ
527 1161 582 1200 ὧν
607 1160 895 1213 προακηκοέναι
927 1159 1094 1211 βέλτιόν
1119 1159 1205 1199 ἐσθ’
1230 1160 1341 1210 ὑμᾶς,
1370 1161 1438 1199 ἕνα
1460 1161 1535 1211 μὲν
1557 1177 1595 1210 15

198 1227 244 1268 τὸ
269 1227 455 1279 παράπαν
477 1227 530 1279 μὴ
557 1227 747 1280 γενέσθαι
773 1226 974 1278 διαθήκην,
996 1226 1088 1267 ἀλλ’
1110 1227 1208 1267 εῖναι
1233 1230 1347 1266 τοῦτο
1366 1225 1533 1277 πλάσμα

201 1294 262 1334 καὶ
300 1294 520 1347 σκευώρημ’
554 1296 662 1341 ὅλον,
700 1295 835 1347 ἕτερον
865 1294 898 1334 δ’
931 1295 1046 1335 ἕνεκα
1078 1294 1220 1334 τούτου
1250 1293 1379 1334 πάντα
1415 1296 1536 1333 ταῦτα

201 1365 424 1415 συγχωρεῖν
460 1362 528 1402 τὸν
565 1362 640 1415 πρὸ
676 1365 745 1402 τοῦ
779 1362 926 1415 χρόνον
968 1361 1030 1401 καὶ
1071 1362 1162 1414 οὐχὶ
1199 1360 1438 1410 δικάζεσθαι,
1477 1361 1536 1400 ὅτι

198 1430 400 1480 μίσθωσιν
434 1428 579 1480 ἤθελεν
615 1428 717 1483 αὐτῷ
757 1428 892 1482 φέρειν
930 1429 1116 1480 Φορμίων
1153 1427 1308 1478 πολλὴν
1346 1429 1408 1468 καὶ
1446 1429 1533 1468 ὑπι-

200 1496 352 1550 σχνεῖτ’
377 1498 516 1537 οἴσειν·
556 1496 689 1546 ἐπειδὴ
716 1495 750 1536 δ’
777 1496 821 1536 οὐ
851 1500 958 1536 ποιεῖ
983 1499 1115 1540 ταῦτα,
1143 1499 1366 1546 τηνικαῦτα,
1394 1496 1534 1547 φησίν,
1558 1519 1598 1540 20

123 1574 168 1608 34
201 1563 414 1614 δικάζομαι.
473 1565 532 1603 ὅτι
565 1565 607 1603 δὲ
640 1563 746 1603 ταῦτ’
774 1562 980 1616 ἀμφότερ’,
1008 1564 1077 1603 ἐὰν
1103 1562 1215 1619 λέγῃ,
1242 1562 1440 1614 ψεύσεται
1474 1562 1536 1601 καὶ

199 1634 279 1670 τοῖς
306 1630 374 1683 ὑφ’
394 1633 532 1671 ἑαυτοῦ
548 1629 841 1683 πεπραγμένοις
862 1629 1012 1671 ἐναντί’
1031 1631 1123 1682 ἐρεῖ,
1147 1628 1322 1670 σκοπεῖτ’
1342 1631 1384 1668 ἐκ
1404 1628 1534 1668 τωνδί.

201 1699 294 1738 ὅταν
332 1700 405 1749 μὲν
442 1699 574 1739 τοίνυν
612 1698 684 1748 τὴν
723 1697 912 1749 διαθήκην
951 1698 1126 1750 ἀρνῆται,
1165 1698 1207 1737 ἐκ
1247 1697 1353 1737 τίνος
1391 1696 1538 1748 τρόπου

201 1768 400 1816 πρεσβεῖα
435 1766 578 1816 λαβὼν
613 1764 684 1815 τὴν
722 1765 926 1806 συνοικίαν
963 1766 1060 1805 κατὰ
1102 1764 1172 1814 τὴν
1211 1762 1399 1813 διαθήκην
1437 1764 1534 1816 ἔχει,

202 1831 305 1872 τοῦτ’
343 1832 504 1884 ἐρωτᾶτ’
543 1833 675 1873 αὐτόν.
749 1833 793 1873 οὐ
829 1835 904 1885 γὰρ
942 1832 1071 1873 ἐκεῖνό
1106 1832 1143 1884 γ’
1181 1833 1272 1884 ἐρεῖ,
1312 1830 1363 1872 ὡς
1401 1830 1425 1870 ἃ
1462 1832 1536 1881 μὲν
1558 1852 1596 1884 25

203 1903 457 1940 πλεονεκτεῖν
481 1899 586 1940 τόνδ’
612 1900 789 1953 ἔγραψεν
816 1901 836 1939 ὁ
866 1899 1006 1951 πατήρ,
1035 1898 1132 1952 κύρι’
1157 1899 1269 1939 ἐστὶν
1298 1900 1368 1947 τῆς
1401 1895 1535 1947 διαθή-

129 1982 168 2015 35
205 1983 285 2016 κης,
311 1967 359 2006 τὰ
385 1965 417 2006 δ’
442 1966 534 2007 ἄλλ’
560 1966 695 2019 ἄκυρα.
755 1968 850 2008 ὅταν
875 1967 906 2006 δ’
931 1966 1007 2008 ὑπὸ
1036 1970 1114 2007 τῶν
1141 1965 1244 2006 τοῦδ’
1273 1964 1537 2018 ὑποσχέσεων

202 2033 427 2085 ὑπάγεσθαι
461 2039 530 2090 φῇ,
565 2033 761 2085 μέμνησθ’
795 2035 856 2074 ὅτι
884 2033 1080 2086 μάρτυρας
1112 2034 1203 2083 ὑμῖν
1236 2030 1534 2085 παρεσχήμεθα,

251 2154 309 2175 1-2
335 2147 462 2184 τοῦτον,
483 2147 511 2177 εἷ
529 2170 535 2176 .
554 2170 560 2176 .
583 2169 589 2175 .
609 2144 747 2185 ἔγημεν]
768 2146 905 2183 τουτονί,
923 2169 930 2177 .
950 2170 957 2177 .
976 2170 983 2177 .
1006 2147 1034 2178 εἰ
1048 2146 1168 2186 ἔγημεν
1182 2144 1248 2183 FQ
1261 2144 1291 2174 D
1380 2153 1399 2174 2
1425 2143 1535 2185 ἆναῖνῃ

206 2187 229 2218 S
246 2198 333 2219 corr.
350 2189 440 2226 vulg.
546 2189 567 2218 6
591 2190 687 2220 αὐτὸς
704 2189 807 2229 ἠξίους
827 2189 851 2218 F
865 2188 895 2227 Q
908 2188 937 2218 D
1028 2199 1044 2227 7
1070 2189 1174 2229 τούτῳ
1191 2189 1305 2220 codd.:
1332 2197 1417 2219 corr.
1438 2187 1537 2217 Blass
1582 2204 1585 2206 -

205 2233 225 2262 8
247 2234 459 2272 ’γεγαμεῖσθαι
488 2231 523 2262 S¹
542 2243 549 2261 τ
572 2234 771 2273 γεγενῆσθαι
797 2232 828 2262 Α
1039 2242 1074 2262 ΙΙ
1101 2234 1140 2264 τὸ
1157 2233 1256 2263 codd.
1274 2243 1281 2262 ε
1304 2235 1350 2272 τῷ
1365 2233 1404 2263 τὸ
1421 2241 1537 2269 margo

206 2275 422 2307 Lutetianae:
454 2278 501 2316 τῷ
511 2276 549 2306 τὸ
570 2298 577 2305 .
591 2299 598 2306 .
615 2300 620 2306 .
637 2276 785 2307 ἁπάντων
814 2280 889 2314 post
911 2278 1117 2316 γεγαμῆσθαι
1145 2276 1179 2316 (l.
1194 2276 1238 2317 8)
1264 2280 1390 2314 transp.
1419 2274 1536 2313 Rfiger

206 2329 247 2349 20
266 2319 333 2350 ἐπεῖ
352 2318 418 2349 SA
574 2328 611 2348 21
640 2320 689 2350 ὅτι
707 2319 741 2350 δὲ
759 2320 854 2350 codd.
874 2330 880 2349 :
905 2320 954 2351 ὅτι
972 2320 1010 2357 δὴ
1030 2319 1127 2349 Blass
1286 2329 1327 2349 22
1351 2321 1464 2350 τῶνδει
1479 2317 1535 2348 8¹:

205 2365 305 2394 τῶνδε
323 2362 353 2392 Α
369 2374 376 2393 :
403 2362 499 2394 τωνδί
517 2361 540 2391 S
558 2372 641 2392 corr.
661 2362 752 2401 vulg.
908 2373 949 2401 23
973 2362 1032 2402 μὲν
1050 2363 1116 2393 SA
1132 2375 1138 2394 :
1162 2373 1227 2394 om.
1247 2363 1337 2401 vulg.
1493 2371 1535 2401 25

205 2405 334 2444 ωσαμὲν
355 2405 412 2437 Sl:
442 2406 503 2437 ὅσα
519 2405 577 2441 μὲν
596 2405 619 2435 S
638 2416 724 2437 corr.
747 2406 795 2435 D:
822 2408 862 2439 ὡς
880 2407 942 2439 ὅσα
957 2406 1018 2446 μὲν
1034 2407 1122 2445 vulg.
1233 2417 1273 2445 27
1298 2405 1400 2447 τοῦδ’]
1420 2405 1535 2437 τούτου

208 2449 317 2487 FQD
