1685 2772
166 116 331 172 xxxvn]
485 122 647 160 ΠΡΟΣ
696 123 1162 160 HANTAINETON

162 233 321 284 γραφὰς
345 231 666 285 ἀντιλαγχάνειν,
690 232 776 283 περὶ
800 233 854 272 ὧν
880 232 947 272 οὐκ
975 234 1078 273 εἰσὶν
1105 234 1353 285 εἰσαγωγεῖς.
1402 232 1496 284 λέγε

164 298 197 337 δ’
222 298 352 340 αὐτοῖς
376 298 530 339 τουτονὶ
554 299 621 339 τὸν
645 300 779 350 νόμον.

752 422 908 451 ΝΟΜΟΣ.

228 490 354 527 Τοῦτο
378 488 513 528 τοίνυν
531 490 624 539 ἐμοῦ
649 488 1027 541 παραγεγραμμένου
1053 492 1149 542 πρὸς
1172 490 1219 546 τῇ
1239 489 1344 545 ἄλλῃ
1370 506 1493 542 παρα-

125 569 142 600 5
162 559 310 611 γραφῇ,
341 555 431 595 ’καὶ
463 555 532 595 οὐκ
566 557 692 596 ὄντων
722 555 977 608 εἰσαγωγέων
1005 560 1084 597 τῶν
1117 559 1368 607 θεσμοθετῶν
1398 557 1495 608 ὑπὲρ

161 621 216 661 ὧν
240 621 438 674 λαγχάνει
463 621 760 668 Πανταίνετος,’
782 621 1045 673 ἐξαλήλιπται
1068 623 1132 663 καὶ
1157 623 1202 663 οὐ
1227 623 1423 675 πρόσεστι
1446 629 1494 680 τῇ

162 694 418 746 παραγραφῇ.
477 688 522 728 τὸ
549 688 582 728 δ’
608 690 725 736 ὅπως,
746 689 857 740 ὑμεῖς
882 693 1078 730 σκοπεῖτε·
1118 691 1203 740 ἐμοὶ
1222 691 1294 740 μὲν
1313 689 1400 742 γάρ,
1422 691 1494 731 ἕως

161 754 210 795 ἂν
234 755 314 808 ἔχω
339 755 408 796 τὸν
433 757 556 807 νόμον
578 755 697 796 αὐτὸν
722 756 931 806 δεικνύναι,
959 756 1038 796 οὐδ’
1065 757 1194 797 ὁτιοῦν
1221 756 1411 808 διαφέρει·
1450 757 1494 796 οὗ

161 824 237 874 γὰρ
269 822 313 862 τὸ
346 823 585 875 γιγνώσκειν
614 825 677 864 καὶ
708 822 886 864 συνιέναι
917 825 966 863 τὰ
998 822 1114 864 δίκαι’
1142 824 1250 874 ὑμῶν
1281 822 1494 875 ἐξαλεῖψαι

102 904 142 926 10
160 888 382 939 δυνήσεται.

227 959 341 1007 Λαβὲ
374 956 420 1006 δὴ
455 958 517 998 καὶ
549 957 618 998 τὸν
642 956 884 1009 μεταλλικὸν
906 958 1042 1008 νόμον·
1078 958 1142 998 καὶ
1175 958 1250 1009 γὰρ
1284 958 1326 997 ἐκ
1355 958 1493 997 τούτου

159 1022 303 1073 δείξειν
335 1025 477 1074 οἴομαι,
503 1024 583 1064 οὔτ’
608 1025 734 1065 οὖσαν
767 1025 1037 1077 εἰσαγώγιμον
1067 1024 1140 1074 τὴν
1173 1023 1296 1074 δίκην,
1330 1023 1492 1078 χάριτός

158 1089 192 1130 τ’
218 1088 272 1130 ὢν
294 1093 454 1141 μᾶλλον
478 1090 586 1142 ἄξιος
611 1088 634 1142 ἢ
658 1095 727 1132 τοῦ
751 1094 1103 1144 συκοφαντεῖσθαι.
1156 1090 1264 1143 λέγε.

743 1214 900 1243 ΝΟΜΟΣ.

101 1299 137 1331 15
227 1281 355 1324 Οὗτος
384 1284 526 1334 σαφῶς
557 1282 578 1321 ὁ
606 1282 726 1332 νόμος
751 1282 942 1333 διείρηκεν
966 1280 1016 1323 ὧν
1041 1281 1140 1323 εἶναι
1165 1282 1274 1324 δίκας
1299 1280 1491 1334 προσήκει

107 1350 114 1357 ’
157 1348 412 1400 μεταλλικάς.
473 1348 613 1389 οὐκοῦν
645 1349 666 1388 ὁ
697 1351 769 1400 μὲν
794 1349 926 1399 νόμος,
959 1348 1028 1389 ἐάν
1052 1366 1111 1391 τις
1141 1346 1280 1404 ἐξίλλῃ
1312 1350 1398 1389 τινὰ
1422 1351 1491 1399 τῆς

158 1416 361 1467 ἐργασίας,
394 1416 583 1456 ὑπόδικον
611 1419 729 1456 ποιεῖ·
767 1416 846 1468 ἐγὼ
878 1415 912 1456 δ’
937 1415 1011 1468 οὐχ
1044 1417 1149 1457 ὅπως
1182 1415 1294 1456 αὐτὸς
1328 1413 1488 1464 ἐξίλλω,

158 1481 251 1522 ἀλλ’
272 1482 325 1521 ὧν
344 1485 484 1522 τοῦτον
502 1481 626 1524 ἄλλος
650 1482 873 1535 ἀπεστέρει,
900 1483 1049 1523 τούτων
1069 1484 1238 1535 ἐγκρατῆ
1265 1481 1490 1532 κατέστησα

159 1549 221 1589 καὶ
246 1548 465 1600 παρέδωκα,
494 1549 555 1589 καὶ
581 1549 732 1601 πρατὴρ
755 1549 894 1590 τούτου
918 1549 1126 1599 δεηθέντος
1151 1549 1356 1601 ἐγενόμην.
1410 1549 1487 1595 ναί,

99 1633 139 1654 20
158 1617 299 1668 φησίν·
337 1616 444 1655 ἀλλὰ
476 1614 546 1656 κᾶν
571 1615 674 1656 ἄλλο
698 1632 736 1657 τι
764 1617 877 1673 ἀδικῇ
910 1632 968 1658 τις
1001 1617 1088 1669 περὶ
1121 1617 1170 1656 τὰ
1200 1616 1394 1667 μέταλλα,
1428 1617 1490 1656 καὶ

157 1683 305 1723 τούτων
332 1683 434 1723 εἰσὶν
459 1684 574 1723 δίκαι.
633 1684 757 1735 ὀρθῶς
789 1682 840 1736 γ’,
872 1681 902 1724 ὦ
936 1684 1193 1724 Πανταίνετε·
1231 1684 1338 1723 ἀλλὰ
1370 1686 1490 1722 ταῦτα

156 1751 199 1789 τί
219 1751 352 1796 ἐστιν,·
390 1749 438 1790 ἂν
467 1750 572 1806 τύφῃ
605 1767 675 1798 τις,
708 1750 756 1791 ἂν
783 1750 875 1791 ὅπλ’
906 1750 1089 1806 ἐπιφέρῃ,
1123 1748 1172 1791 ἂν
1201 1749 1488 1806 ἐπικατατέμνῃ

157 1820 235 1857 τῶν
269 1815 423 1868 μέτρων
459 1817 583 1859 ἐντός.
652 1817 758 1858 ταῦτ’
795 1818 907 1858 ἐστὶν
944 1816 1086 1865 τᾶλλα,
1129 1818 1184 1858 ὧν
1220 1816 1330 1857 οὐδὲν
1367 1815 1488 1867 δήπου

158 1882 376 1935 πέπρακται
413 1883 510 1935 πρὸς
544 1885 643 1936 ὑμᾶς
679 1885 777 1936 ἐμοί,
816 1884 922 1935 πλὴν
959 1885 993 1925 εἶ
1028 1884 1118 1926 τοὺς
1154 1883 1427 1935 κομιζομένους
1463 1884 1488 1923 ἃ

99 1968 136 1999 25
157 1951 341 2001 προεῖντό
364 1967 442 1997 σοι,
469 1951 554 2001 μεθ’
579 1952 715 1992 ὅπλων
739 1952 848 2002 ἥκειν
872 1952 1053 2002 νομίζεις.
1127 1952 1159 1991 εἰ
1188 1953 1230 1991 δὲ
1253 1950 1360 1991 ταῦθ’
1384 1950 1484 2002 ἡγεῖ,

201 2069 221 2089 2
245 2057 273 2090 δ’
287 2069 351 2089 om.
366 2058 397 2089 A
410 2058 440 2097 Q
582 2062 711 2093 τουτονὶ
726 2060 750 2092 S
765 2072 772 2091 ε
795 2063 914 2093 τοῦτον
924 2061 1011 2100 vulg.
1157 2061 1178 2090 6
1202 2060 1430 2100 ἐξαλήλειπται
1448 2057 1486 2090 S¹

159 2112 176 2141 7
201 2101 260 2142 μὲν
275 2112 339 2133 om.
359 2102 390 2132 A
514 2104 534 2133 8
557 2104 614 2135 τὸν
634 2103 731 2143 νόμον
747 2105 846 2136 αὐτὸν
863 2103 887 2134 S
904 2116 911 2135 z
935 2105 993 2136 τὸν
1010 2103 1106 2142 νόμον
1122 2106 1238 2135 τοῦτον
1253 2102 1285 2132 A
1298 2103 1346 2134 D:
1372 2104 1488 2134 τοῦτον

157 2147 214 2177 τὸν
232 2145 328 2185 νόμον
346 2144 412 2184 FQ
514 2155 548 2176 11
575 2145 630 2187 δὴ]
649 2147 688 2185 δὴ
704 2161 757 2186 μοι
773 2146 806 2177 Α
897 2146 948 2188 ἐκ]
969 2149 1010 2180 εἷς
1029 2147 1052 2178 S
1146 2156 1184 2177 12
1208 2146 1274 2178 οὔτ’
1295 2145 1405 2177 Fuhr:
1431 2147 1487 2177 οὐκ

157 2189 254 2220 codd.
364 2198 402 2227 15
427 2188 577 2231 διῄρηκεν
593 2189 621 2220 Β
639 2200 705 2229 mg.
800 2192 902 2229 16—17
929 2191 1042 2233 ἐξίλλῃ
1061 2215 1068 2222 .
1088 2215 1096 2221 .
1115 2213 1123 2221 .
1144 2190 1260 2231 ἐξίλλω
1285 2188 1309 2220 S
1327 2199 1425 2226 corr„
1443 2189 1483 2220 cs.

159 2231 267 2263 Bekk.
285 2231 415 2263 Anecd.
435 2242 465 2271 p.
486 2241 535 2271 19.
555 2242 613 2271 14:
640 2236 767 2274 ἐξείλλῃ
786 2257 794 2265 .
816 2258 823 2265 .
843 2257 852 2265 .
873 2234 1006 2274 ἐξείλλω
1023 2234 1113 2273 vulg.
1288 2234 1327 2263 16
1348 2232 1423 2273 τῆς]
1450 2235 1486 2264 ἐκ

157 2277 216 2313 τῆς
232 2274 264 2305 Α
388 2276 426 2305 18
449 2278 568 2307 τοῦτον
584 2281 661 2315 post
679 2275 720 2308 ὧν
737 2276 761 2307 S
780 2277 848 2316 (me
866 2277 972 2318 teste)
987 2289 993 2308 ε
1021 2281 1096 2317 post
1115 2277 1230 2318 ἐξίλλω
1246 2275 1335 2315 vulg.
1444 2285 1487 2305 20

159 2319 241 2351 ἄλλο
258 2332 290 2350 τι
307 2317 339 2349 Α
354 2328 362 2349 :
384 2320 487 2351 ἄλλος
503 2332 535 2351 τι
554 2319 579 2349 F
595 2330 603 2350 ε
629 2320 729 2352 ἄλλος
745 2333 794 2352 τις
813 2320 837 2351 S
849 2319 879 2358 Q
899 2331 906 2352 ε
932 2330 1011 2350 num
1029 2320 1106 2353 ἀλλ’
1125 2321 1218 2352 &vu-'3
1335 2329 1376 2350 22
1399 2318 1485 2360 τύφῃ

160 2362 315 2394 Bekker:
349 2364 435 2404 τυφῇ
460 2361 511 2393 Α;
546 2364 609 2404 ὑφῇ
638 2363 662 2393 S
680 2375 687 2394 ε
720 2362 826 2404 ὑφάψῃ
852 2362 941 2402 vulg.
1146 2373 1188 2401 24
1213 2362 1256 2404 εἴ]
1285 2365 1314 2396 εἴ
1337 2364 1381 2402 μὴ
1412 2361 1483 2400 FQ·

159 2405 275 2435 vitium
293 2405 503 2446 tralaticium,
524 2406 565 2437 cf.
585 2406 719 2437 Lucian.
741 2406 874 2438 Soloec.
897 2417 914 2445 7
1049 2415 1089 2444 25
1113 2407 1179 2449 ἡγῇ
1197 2406 1221 2436 S
1240 2417 1306 2438 rec.
1328 2406 1413 2444 vulg.

1530 112 1650 169 [976]

1525 498 1571 532 34

1522 967 1565 1002 35

1523 1419 1640 1474 [977]
