1685 2772
129 132 294 187 xxxvn]
448 136 610 174 ΠΡΟΣ
657 136 1117 174 ΠΑΝΤΑΙΝΕΤΟΝ

193 247 348 287 Οὐκοῦν
387 247 438 288 ὡς
473 249 548 298 μὲν
577 245 708 298 ἀφῆκέ
741 263 790 297 με
832 245 1002 291 πάντων,
1043 245 1098 285 ὅτ’
1137 246 1348 297 ἐγιγνόμην
1377 249 1456 286 τῶν

126 314 382 365 ἀνδραπόδων
419 312 583 366 πρατήρ,
611 311 805 363 ἐπέδειξα·
843 314 904 352 ὅτι
939 312 972 352 δ’
1010 312 1077 352 οὐκ
1115 313 1235 352 ἐῶσιν
1270 313 1306 352 οἱ
1343 312 1456 363 νόμοι

124 381 274 421 τούτων
299 380 398 421 εἶναι
427 382 547 426 δίκας,
575 379 758 430 ἀκηκόατ’
788 379 928 432 ἀρτίως
958 377 1359 430 ἀναγιγνωσκομένου
1387 382 1457 419 τοῦ

125 448 257 498 νόμου.
329 449 394 488 ἵνα
417 447 464 493 δ’,
490 445 520 486 ὦ
545 447 683 499 ἄνδρες
706 445 922 496 Ἀθηναῖοι,
949 444 1001 496 μή
1026 462 1085 487 τις
1111 448 1238 496 οἴηται
1262 449 1343 487 τοῖς
1369 445 1456 497 περὶ

87 517 202 561 5τῶν
238 514 479 566 πραγμάτων
518 513 644 554 αὐτῶν
681 514 843 554 δικαίοις
879 513 1145 563 ἁλισκόμενόν
1180 511 1218 563 μ’
1255 512 1319 552 ἐπὶ
1354 511 1456 552 τοῦτ’

125 581 361 634 ἀποχωρεῖν,
389 582 451 621 καὶ
491 579 576 620 καθ’
616 581 785 620 ἕκαστον
822 580 878 620 ὧν
911 581 1074 631 ἐγκαλεῖ
1102 579 1300 630 βούλομαι
1333 577 1456 628 δεῖξαι

125 647 243 687 αὐτὸν
287 648 546 699 ψευδόμενον.
631 646 727 699 λέγε
779 645 811 687 δ’
853 645 946 686 αὐτὸ
991 644 1036 685 τὸ
1085 646 1275 697 ἔγκλημα,
1323 646 1345 684 ὅ
1390 662 1455 696 μοι

123 713 329 763 δικάζεται.

690 867 894 895 ΕΓΚΛΗΜΑ.

65 969 104 991 10
173 947 357 1000 Ἔβλαψε
372 966 420 1000 με
440 949 680 998 Νικόβουλος
707 950 983 998 ἐπιβουλεύσας
1011 950 1092 999 ἐμοὶ
1121 949 1180 987 καὶ
1206 951 1252 1000 τῇ
1280 967 1389 988 ουσια
1408 952 1455 1000 τῇ

124 1006 205 1056 ἐμῇ,
247 1004 458 1054 ἀφελέσθαι
497 1004 676 1044 κελεύσας
714 1003 928 1056 Ἀντιγένην
965 1005 1030 1042 τὸν
1069 1006 1199 1042 ἑαυτοῦ
1238 1005 1382 1053 οἰκέτην
1414 1005 1456 1042 τὸ

124 1060 298 1111 ἀργιριον
329 1062 392 1097 τοῦ
428 1061 517 1108 ἐμοῦ
547 1060 698 1105 οἰκέτου,
723 1076 742 1095 ο
772 1060 902 1108 ἔφερεν
933 1059 1152 1108 καταβολὴν
1180 1060 1226 1109 τῇ
1254 1058 1363 1096 πόλει
1391 1060 1456 1096 τοῦ

122 1115 325 1163 μετάλλου,
357 1131 377 1150 ο
417 1114 486 1165 ἐγὼ
519 1114 702 1163 ἐπριάμην
737 1113 953 1162 ἐνενήκοντα
986 1116 1094 1163 μνῶν,
1135 1113 1194 1151 καὶ
1229 1129 1342 1153 αιτιος
1375 1113 1456 1163 ἐμοὶ

122 1168 316 1220 γενόμενος
336 1169 569 1220 ἐγγραφῆναι
587 1167 630 1205 τὸ
652 1167 806 1206 διπλοῦν
825 1171 874 1219 τῷ
896 1168 1074 1219 δημοσίῳ.

65 1312 102 1345 15
191 1297 397 1351 Ἐπίσχες.
451 1298 560 1337 ταυτὶ
586 1296 727 1343 πάντα,
749 1297 773 1337 ἂ
798 1300 865 1337 νῦν
886 1296 1124 1349 ἐγκέκληκεν
1146 1297 1244 1348 ἐμοί,
1265 1297 1454 1349 πρότερον

123 1364 191 1405 τὸν
229 1365 406 1416 Εὔεργον
442 1363 722 1415 αἰτιασάμενος
755 1363 826 1413 τὴν
863 1365 972 1414 δίκην
1003 1365 1098 1405 εἷλε.
1167 1364 1456 1416 μεμαρτύρηται

122 1433 196 1482 μὲν
219 1430 265 1481 δὴ
293 1432 355 1471 καὶ
381 1432 422 1471 ἐν
447 1431 551 1487 ἀρχῇ
575 1448 642 1482 μοι
666 1433 734 1471 τοῦ
758 1431 881 1482 λόγου
900 1430 997 1483 πρὸς
1015 1432 1114 1482 ὑμᾶς
1140 1431 1190 1473 ὡς
1215 1429 1452 1482 ἀπεδήμουν,

124 1499 191 1538 ὅτε
213 1498 368 1540 τούτοις
392 1499 430 1538 αἱ
461 1497 557 1549 πρὸς
586 1496 786 1547 ἀλλήλους
816 1499 1022 1550 ἐγίγνοντο
1052 1498 1251 1550 διαφοραί·
1299 1497 1344 1538 οὐ
1377 1496 1454 1548 μὴν

124 1565 230 1605 ἀλλὰ
255 1565 318 1605 καὶ
348 1565 390 1604 ἐκ
415 1568 483 1604 τοῦ
513 1563 760 1616 ἐγκλήματος
784 1564 923 1604 τούτου
948 1565 1070 1614 δῆλόν
1101 1566 1224 1604 ε’στιν.
1287 1564 1454 1615 οὐδαμοῦ

66 1651 104 1672 20
122 1633 199 1684 γὰρ
223 1631 274 1673 ὡς
299 1632 375 1683 ἐγώ
401 1647 439 1671 τι
468 1632 664 1681 πεποίηκα
695 1632 845 1671 τούτων
874 1631 1065 1684 ἔγραψεν,
1098 1630 1188 1671 ἀλλ’
1218 1630 1455 1683 ὑπογράψας

125 1699 416 1749 ἐπιβουλεῦσαί
446 1715 496 1749 με
532 1699 633 1753 αὑτῷ
671 1698 733 1738 καὶ
768 1704 816 1755 τῇ
851 1698 980 1752 οὐσίᾳ,
1014 1696 1234 1750 προστάξαι
1267 1698 1369 1748 φησὶ
1401 1700 1453 1752 τῷ

123 1766 232 1806 παιδὶ
268 1768 389 1806 ταῦτα
423 1768 561 1811 ποιεῖν,
588 1766 846 1817 ψευδόμενος·
884 1769 966 1808 πῶς
995 1767 1071 1818 γὰρ
1099 1765 1177 1817 ἐγὼ
1214 1763 1452 1817 προσέταξα,

123 1832 166 1874 ὃς
207 1831 264 1872 ὅτ’
308 1831 500 1883 ἐξέπλεον
545 1836 623 1873 τῶν
670 1832 950 1885 γενησομένων
998 1831 1149 1873 ἐνταῦθ’
1196 1830 1277 1873 οὐδ’
1324 1832 1453 1872 ὁτιοῦν

124 1898 317 1950 δήπουθεν
345 1898 474 1956 ᾔδειν,·
514 1899 598 1940 εἶτα
624 1899 686 1940 καὶ
716 1900 821 1950 πόση
845 1901 983 1952 μωρία,
1010 1898 1168 1952 λέγονθ’
1201 1898 1252 1940 ὡς
1281 1898 1449 1949 ἐπεβού-

65 1986 102 2017 25
123 1971 241 2007 λευον
277 1967 475 2017 ἀτιμῶσαι
511 1966 573 2006 καὶ
608 1968 655 2006 τὰ
691 1967 846 2019 ἔσχατα
888 1965 1043 2019 πρᾶξαι,
1083 1965 1214 2022 οἰκέτῃ
1248 1982 1297 2016 με
1332 1967 1452 2004 ταῦτα

124 2032 347 2085 προστάξαι
371 2033 628 2085 γεγραφέναι,
656 2034 680 2074 ὃ.
713 2033 801 2074 οὐδὲ
836 2034 1000 2083 πολίτης
1029 2034 1197 2083 πολίτην
1226 2030 1370 2072 δύναιτ’
1403 2030 1451 2071 ἂν

124 2102 308 2151 ποιῆσαι;
346 2101 388 2140 τί
408 2099 476 2140 οὖν
500 2101 586 2140 ἐστι
610 2104 743 2147 τοῦτο;
778 2100 846 2140 οὐκ
876 2100 981 2153 ἔχων
1013 2100 1120 2150 οἶμαι
1145 2098 1227 2139 κατ’
1252 2098 1364 2139 οὐδὲν
1387 2099 1450 2138 διὰ

123 2166 194 2216 τὴν
220 2168 441 2217 ἀποδημίαν
467 2167 522 2208 εἷς
550 2168 619 2218 ἐμὲ
643 2167 791 2208 τούτων
811 2168 1036 2219 ἀνενεγκεῖν
1055 2184 1104 2212 τι,
1128 2167 1390 2218 συκοφαντεῖν
1409 2166 1451 2205 δὲ

170 2284 190 2313 5
213 2274 316 2316 τοῦτ’]
350 2275 465 2306 τούτου
494 2274 520 2304 F
533 2274 563 2313 Q
581 2286 588 2305 :
622 2277 739 2307 τοῦτον
764 2274 794 2304 D
966 2284 999 2304 11
1025 2273 1193 2315 Ἀντιγένη
1211 2274 1235 2305 S
1252 2274 1305 2304 hic
1324 2277 1358 2304 et
1375 2274 1391 2310 ξ
1409 2282 1449 2312 25

131 2328 170 2357 13
195 2319 388 2356 ἐνενήκοντα
404 2318 470 2349 SA
483 2318 512 2348 D
530 2329 537 2348 τ
561 2318 773 2356 ἐννενήκοντα
791 2317 856 2356 FQ
985 2318 1023 2347 18
1047 2318 1192 2357 διαφοραὶ
1211 2318 1380 2357 ἐγίγνοντο
1398 2315 1449 2352 5¹,

129 2371 215 2392 corr.
233 2363 306 2393 ead.
326 2372 366 2391 m.
485 2371 521 2391 21
549 2367 625 2400 post
641 2362 816 2402 προστάξαι
833 2361 908 2392 add.
926 2373 966 2399 με
984 2360 1014 2390 Α
1031 2371 1038 2391 :
1064 2371 1129 2391 orn.
1149 2360 1172 2390 S
1186 2360 1210 2390 F
1223 2360 1253 2398 Q
1267 2360 1296 2389 D
1408 2370 1449 2399 24

127 2404 217 2448 ᾔδειν
234 2406 388 2443 δήπουθεν
404 2404 435 2434 Α
447 2405 472 2435 F
485 2405 515 2443 Q
529 2405 558 2434 D
648 2417 744 2442 ποσηι
760 2418 870 2444 μωριαι
889 2404 911 2433 S
1023 2413 1064 2442 25
1087 2418 1127 2442 με
1143 2403 1174 2432 Α
1189 2415 1196 2434 :
1219 2405 1301 2442 μετὰ
1318 2403 1404 2442 vulg.

1487 125 1606 180 [972]

1487 257 1528 281 21

1486 655 1530 680 22

1486 844 1606 902 [973]

1487 1312 1529 1347 23

1483 1908 1529 1943 24
