1685 2772
84 131 208 190 [962]
267 144 753 183 ΔΗΜΟΣΘΕΝΟΎΣ
789 143 958 182 ὙΠΕΡ
995 143 1380 183 ΦοΡΜΙΩΝοΣ
1428 137 1574 194 [xxxv-1

243 252 446 304 ἐπιδεῖξαι,
479 251 502 304 ἢ
534 254 583 296 ὡς
613 253 658 294 οὐ
689 253 841 294 διέθετο
870 253 979 294 ταῦθ’
1012 254 1032 293 6
1062 254 1201 307 πατήρ,
1235 250 1258 304 ἢ
1294 253 1345 295 ὡς
1375 253 1486 294 ἔστιν
1518 271 1577 296 τις

242 321 346 372 ἄλλη
372 323 570 372 μίσθωσις
595 320 701 371 πλὴν
730 320 775 372 ἦς
807 321 918 372 ἡμεῖς
949 321 1166 372 δείκνυμεν,
1192 318 1215 371 ἢ
1247 320 1296 361 ὡς
1326 320 1394 361 οὐκ
1424 322 1576 373 ἀφῆκεν

244 388 362 430 αὐτὸν
401 387 731 440 διαλογισάμενος
763 392 841 428 τῶν
875 388 1136 440 ἐγκλημάτων
1174 388 1372 434 ἁπάντων,
1412 388 1438 428 ἂ
1475 388 1576 441 ἔγνω

244 452 316 507 (θ’)
336 456 356 495 6
383 454 574 505 κηδεστὴς
600 455 620 494 ὁ
645 455 784 495 τούτου
812 456 874 495 καὶ
901 455 1015 497 οὗτος
1035 455 1149 497 αὐτὸς
1166 452 1504 508 συνεχώρησεν,ἢ
1526 455 1576 497 ὡς

245 523 423 563 διδόασιν
448 524 484 562 οἱ
513 522 626 572 νόμοι
656 521 885 571 δικάζεσθαι
914 526 993 563 τῶν
1021 524 1121 563 οὕτω
1151 521 1420 575 πραχθέντων,
1448 519 1470 572 ἢ
1499 526 1577 562 τῶν
1596 535 1613 567 5

167 597 207 631 61
243 589 430 629 τοιούτων
455 605 492 629 τι
517 588 726 629 δεικνύναι.
782 590 851 629 ἐὰν
881 588 913 629 δ’
944 590 1102 641 ἀπορῶν
1132 590 1257 630 αἰτίας
1288 590 1351 630 καὶ
1379 594 1575 641 βλασφη-

87 656 210 715 [963]
241 656 333 706 μίας
357 655 457 712 λέγῃ
484 655 547 695 καὶ
573 660 785 713 κακολογῇ,
811 655 864 707 μὴ
891 655 1111 709 προσέχετε
1135 656 1204 696 τὸν
1229 658 1332 702 νοῦν,
1358 655 1448 707 μηδ’
1478 657 1577 706 ὑμᾶς

242 723 264 773 ἡ
296 722 433 763 τούτου
464 722 610 775 κραυγὴ
642 723 705 763 καὶ
738 722 902 764 ἀναίδει’
936 722 1182 780 ἐξαπατήσῃ,
1214 723 1321 763 ἀλλὰ
1353 721 1577 775 φυλάττετε

244 791 306 831 καὶ
330 789 522 841 μέμνησθ’
547 789 609 830 ὅσ’
634 790 743 841 ἡμῶν
773 790 980 841 ἀκηκόατε.
1040 790 1112 830 κᾶν
1139 794 1262 830 ταῦτα
1290 792 1440 840 ποιῆτε,
1468 789 1580 830 αὐτοί

244 856 276 897 τ’
302 856 536 909 εὐορκήσετε
563 858 625 898 καὶ
651 860 789 898 τοῦτον
816 857 974 899 δικαίως
1000 857 1168 904 σώσετε,
1196 856 1307 908 ἄξιον
1327 858 1422 897 ὄντα
1440 856 1487 907 νὴ
1507 856 1577 897 τὸν
1599 873 1637 896 10

246 925 323 965 Δία
348 925 411 965 καὶ
438 925 548 967 θεοὺς
573 923 763 966 ἅπαντας.

167 997 211 1031 62
310 991 531 1045 Ἀνάγνωθι
563 992 705 1042 λαβὼν
744 991 875 1033 αὐτοῖς
909 991 977 1033 τὸν
1010 992 1132 1044 νόμον
1167 991 1229 1032 καὶ
1258 992 1327 1033 τὰς
1365 991 1577 1044 μαρτυρίας

244 1060 373 1100 τασδί

689 1151 845 1180 ΝΟΜΟΣ.
895 1152 1122 1179 ΜΑΡΤΎΡῙΑῙ.

312 1232 397 1272 Οὐκ
426 1230 497 1272 οἶδ’
527 1231 550 1271 ὅ
577 1248 615 1272 τι
644 1234 705 1271 δεῖ
729 1231 854 1272 πλείω
886 1231 1034 1283 λέγειν.
1094 1231 1202 1282 οἶμαι
1229 1233 1305 1284 γὰρ
1334 1233 1432 1283 ὑμᾶς
1462 1231 1576 1273 οὐδὲν
1599 1254 1635 1286 15

245 1300 404 1351 ἀγνοεῖν
428 1302 506 1338 τῶν
531 1297 757 1350 εἰρημένων.
819 1297 933 1351 ἐξέρα
957 1298 1001 1338 τὸ
1026 1299 1140 1350 ὕδωρ.

288 1419 307 1438 2
331 1407 384 1449 ἧς]
402 1408 441 1446 ἣν
460 1408 485 1438 F
497 1407 527 1446 Q
545 1408 574 1438 D
706 1418 725 1446 3
750 1408 864 1446 aim-bv]
883 1409 976 1440 αὐτὸς
994 1408 1018 1439 S
1038 1409 1106 1447 (me
1123 1409 1225 1447 teste)
1244 1407 1275 1438 A
1407 1419 1428 1447 4
1453 1411 1479 1440 θ’
1497 1414 1575 1448 post

246 1453 327 1493 ἔγνω
345 1452 422 1482 add.
442 1450 538 1482 Blass
630 1461 670 1482 10
693 1453 821 1483 τουτονὶ
840 1451 870 1481 Α
963 1462 997 1481 ΙΙ
1026 1454 1074 1483 καὶ
1094 1453 1166 1484 τοὺς
1185 1452 1273 1484 θεοὺς
1291 1451 1322 1483 Α
1420 1453 1459 1482 16
1484 1453 1575 1494 ἐξέρα

245 1497 283 1528 τὸ
302 1498 380 1536 ὕδωρ
396 1506 461 1526 om.
481 1495 511 1533 Q
526 1495 554 1524 D

290 1539 328 1570 In
348 1539 372 1570 S
389 1539 615 1578 subscriptum

731 1587 834 1613 ’ΥΠΕΡ
857 1587 1096 1616 ΦΟΡΜῙΩΝΟΣ

793 1630 1029 1659 ΠΑΡΑΓΡΑΦΗ
