1685 2772
829 371 1032 412 XXXVI

433 501 810 543 ΠΑΡΑΓΡΑΦΗ
860 503 1023 542 ΤΠΕΡ
1068 496 1443 546 ΦΟΡΜΙΩΝΟΣ

825 634 1044 664 ὙΠΟΘΕΣῙΣ.

320 707 478 745 Πασίων
504 709 524 744 ὃ
549 708 767 757 τραπεζίτης
791 710 970 746 τελευτῶν
992 709 1051 746 ἐπὶ
1073 708 1136 746 δύο
1162 709 1294 747 παισὶν
1315 709 1355 754 ἐξ
1372 707 1594 759 Ἀρχίππης,

264 760 540 812 Ἀπολλοδώρῳ
561 762 621 798 καὶ
649 764 849 808 Πασικλεῖ,
873 762 1054 812 Φορμίων’
1075 763 1219 812 οἰκέτην
1239 766 1368 801 ἑαυτοῦ
1388 763 1597 815 γενόμενον,

264 816 491 866 τετυχηκότα
518 816 548 853 δ’
577 816 629 853 ἔτι
655 816 835 866 πρότερον
864 817 1082 867 ἐλευθερίας,
1106 818 1304 867 ἐπίτροπον
1329 820 1395 856 τοῦ
1424 818 1599 866 νεωτέρου

265 873 335 908 τῶν
354 870 493 908 παίδων
514 871 753 911 Πασικλέους
766 871 953 917 κατέλιπε,
964 872 1023 909 καὶ
1038 872 1105 920 τὴν
1118 872 1244 922 μητέρ’
1257 874 1384 916 αὐτῶν,
1400 872 1599 920 παλλακὴν

267 928 396 962 ἑαυτοῦ
424 927 637 977 γενομένην,
673 924 802 963 ἔδωκεν
835 926 895 963 ἐπὶ
929 927 1052 976 προικὶ
1084 929 1249 978 γυναῖκα.
1310 926 1599 976 Ἀπολλόδωρος
1617 941 1634 972 5

267 979 330 1017 οἷ’ῗν
362 981 509 1029 νέμεται
541 980 632 1029 πρὸς
660 980 724 1018 τὸν
754 980 919 1029 ἀδελφὸν
948 981 1014 1030 τὴν
1042 979 1216 1032 πατρῴαν
1245 981 1377 1019 οὐσίαν
1405 980 1506 1029 πλὴν
1533 982 1599 1029 τῆς

266 1035 446 1084 τραπέζης
467 1035 525 1071 καὶ
540 1037 605 1073 τοῦ
620 1035 929 1086 ἀσπιδοπηγείου·
958 1038 1073 1073 ταῦτα
1092 1037 1163 1086 γὰρ
1179 1036 1350 1085 Φορμίων
1366 1034 1598 1085 ἐμεμίσθωτο

266 1091 367 1138 παρὰ
407 1090 602 1129 Πασίωνος
641 1092 690 1130 εἷς
728 1090 932 1139 ὡρισμένον
969 1090 1104 1140 χρόνον
1140 1091 1232 1128 τινά.
1309 1090 1368 1127 καὶ
1405 1093 1492 1129 τέως
1529 1092 1598 1140 μὲν

267 1144 459 1193 ἐλάμβανε
491 1145 534 1183 τὸ
565 1145 682 1194 ἥμισυ
713 1147 778 1194 τῆς
811 1144 1031 1194 μισθώσεως
1066 1146 1244 1195 ἑκάτερος,
1282 1145 1437 1194 ὕστερον
1466 1144 1505 1182 δὲ
1538 1144 1599 1182 καὶ

266 1200 358 1236 αὐτὰ
379 1200 559 1249 νέμονται,
581 1200 640 1237 καὶ
660 1199 798 1251 γίνεται
825 1200 867 1237 τὸ
893 1202 961 1249 μὲν
982 1200 1278 1252 ἀσπιδοπηγεῖον
1296 1199 1595 1249 Ἀπολλοδώρου,
1621 1219 1660 1242 10

170 1275 171 1279 =
214 1262 234 1286 2
268 1254 505 1294 Πασικλέους
544 1254 573 1292 δ’
606 1256 629 1304 ἡ
662 1255 833 1304 τράπεζα.
893 1254 1154 1303 ἀποθανούσης
1192 1255 1230 1292 δὲ
1269 1255 1327 1292 καὶ
1364 1257 1429 1304 τῆς
1461 1254 1599 1303 μητρὸς

266 1309 431 1358 ὕστερον,
451 1309 665 1359 νειμάμενος
679 1309 738 1346 καὶ
757 1309 824 1357 τὴν
845 1310 983 1358 ἐκείνης
1003 1310 1134 1347 οὐσίαν
1156 1310 1317 1347 ἐνεκάλει
1336 1313 1385 1360 τῷ
1401 1309 1597 1358 Φορμίωνι,

268 1365 314 1402 ὡς
337 1362 451 1401 πόλλ’
473 1365 595 1414 ἔχοντι
622 1365 752 1401 ἑαυτοῦ
774 1364 960 1414 χρήματα.
1020 1364 1237 1404 καθίσαντες
1263 1364 1325 1401 οἷ’ἷν
1350 1363 1480 1403 αὖτοὺς
1508 1363 1597 1400 διαι-

268 1418 389 1467 τητάς,
412 1418 459 1458 ὥς
479 1422 577 1467 φησι
596 1419 778 1468 Φορμίων,
801 1417 1079 1470 Ἀπολλοδώρῳ
1104 1419 1364 1468 προσήκοντες,
1387 1418 1518 1457 Νικίας
1539 1417 1599 1454 καὶ

271 1473 416 1512 Δεινίας
443 1470 521 1522 (καὶ
552 1472 730 1523 Λυσῖνος>
759 1473 818 1510 καὶ
844 1473 1101 1523 Ἀνδρομένης,
1131 1474 1283 1511 ἔπεισαν
1309 1472 1601 1522 Ἀπολλόδωρον
1622 1492 1660 1525 15

270 1527 524 1565 διαλύσασθαι
549 1528 640 1577 πρὸς
666 1528 862 1576 Φορμίωνα
891 1530 937 1566 τὰ
964 1529 1182 1580 ἐγκλήματα
1206 1529 1376 1577 λαβόντα
1404 1544 1600 1566 πεντακισ-

269 1581 404 1631 χιλίας.
476 1584 495 1619 ὁ
532 1585 600 1631 μὲν
637 1582 700 1620 οὖν
732 1581 1021 1632 Ἀπολλόδωρος
1054 1585 1147 1633 μετὰ
1177 1586 1293 1621 ταῦτα
1325 1583 1440 1620 πάλιν
1473 1582 1601 1632 εἴληχε

114 1625 236 1680 [944]
269 1636 373 1684 δίκην
392 1637 588 1686 Φορμίωνι,
611 1639 783 1686 ἀφορμῆς
803 1636 996 1689 (ἀφορμὴν
1022 1637 1051 1675 δ’
1071 1640 1105 1675 οἱ
1125 1637 1287 1675 Ἀττικοὶ
1311 1640 1491 1675 καλοῦσιν
1511 1636 1601 1686 ὅπερ

217 1702 236 1735 3
268 1691 373 1739 ἡμεῖς
393 1691 580 1740 ἐνθήκην)·
611 1693 630 1729 ὁ
651 1691 689 1729 δὲ
709 1694 880 1743 Φορμίων
897 1694 1193 1744 παραγράφεται,
1217 1693 1330 1742 νόμον
1349 1692 1601 1742 παρεχόμενος

268 1746 332 1783 τὸν
362 1747 559 1784 κελεύοντα
587 1747 671 1796 περὶ
695 1746 743 1784 ὧν
770 1747 814 1785 ἂν
841 1747 942 1791 ἅπαξ
968 1749 1049 1798 ἀφῇ
1072 1764 1125 1787 τις
1152 1747 1212 1784 καὶ
1232 1747 1455 1795 διαλύσηται
1474 1744 1601 1795 μηκέτ’
1622 1765 1663 1787 20

271 1801 400 1845 ἐξεῖναι
428 1800 652 1847 δικάζεσθαι.
714 1802 868 1840 ἅπτεται
898 1803 1024 1852 μέντοι
1058 1802 1117 1839 καὶ
1149 1804 1213 1850 τῆς
1243 1801 1382 1841 εὐθείας
1415 1802 1435 1839 ὃ
1468 1801 1600 1850 ῥήτωρ,

270 1854 407 1894 δεικνὺς
438 1857 483 1895 ὡς
513 1858 578 1893 οὐκ
613 1857 709 1907 εἶχεν
743 1857 766 1905 ἡ
799 1858 961 1906 τράπεζα
991 1855 1150 1907 χρήματ’
1180 1856 1252 1893 ἴδια
1284 1858 1349 1893 τοῦ
1388 1855 1596 1894 Πασίωνος.

269 1911 378 1947 τοῦτο
399 1909 436 1947 δὲ
457 1911 664 1959 πεποίηκεν,
689 1909 732 1948 ἵν’
755 1913 777 1959 ἡ
798 1911 1028 1962 παραγραφὴ
1049 1913 1199 1961 μᾶλλον
1226 1911 1352 1961 ἰσχύῃ,
1371 1912 1437 1959 τῆς
1464 1909 1602 1948 εὐθείας

272 1963 500 2014 ὃεικνυμένης
518 1969 567 2017 τῷ
588 1965 861 2016 Ἀπολλοδώρῳ
882 1965 1035 2015 σαθρᾶς.

339 2070 423 2121 Τὴν
448 2073 520 2122 μὲν
541 2072 722 2124 ἀπειρίαν
741 2075 810 2111 τοῦ
835 2070 1070 2126 λέγειν,,καὶ
1097 2071 1146 2112 ὡς
1167 2069 1365 2111 ἀδυνάτως
1392 2069 1476 2123 ἔχει
1496 2072 1600 2121 Φορ-
1625 2091 1662 2124 25

273 2137 383 2189 μίων,
417 2138 526 2179 αὐτοὶ
563 2138 707 2180 πάντες
742 2138 861 2190 ὁρᾶτ’,
900 2137 928 2178 ὦ
963 2137 1098 2189 ἄνδρες
1134 2137 1350 2188 Ἀθηναῖοι·
1391 2136 1542 2188 ἀνάγκη
1568 2135 1617 2175 δ’.

318 2257 337 2287 5
362 2248 491 2287 {mm-017]
516 2249 612 2279 αὐτοῦ
631 2247 749 2287 Riiger
770 2247 842 2277 coll.
867 2247 924 2276 xlv
941 2247 981 2286 84
1206 2256 1246 2276 10
1270 2246 1366 2286 αὐτὰ]
1390 2248 1493 2277 ταῦτα
1508 2244 1608 2275 Wolf

279 2302 314 2322 11
342 2291 483 2322 alterum
503 2291 535 2322 δὲ
554 2290 668 2321 Wolf:
693 2294 755 2332 γὰρ
773 2291 868 2321 codd.
1002 2300 1039 2328 15
1063 2291 1114 2322 καὶ
1131 2292 1264 2322 Λυσῖνος
1281 2290 1354 2320 add.
1374 2289 1512 2319 Voemel
1530 2288 1603 2319 coll.

277 2337 292 2372 ξ
316 2345 353 2373 15
598 2336 640 2364 26
664 2336 753 2366 αὐτοὶ
771 2345 835 2365 om.
857 2334 967 2364 Rufus
987 2333 1100 2373 (Walz
1118 2333 1151 2363 iii
1170 2334 1262 2372 4503,
1282 2333 1384 2363 habet
1402 2338 1513 2363 tamen
1533 2333 1604 2362 eius

274 2379 382 2409 codex
404 2378 428 2408 P
449 2378 642 2419 (Hammer)
780 2380 890 2419 ἄνδρες
909 2377 1082 2417 Ἀθηναῖοι]
1104 2377 1254 2409 δικασταί
1272 2377 1380 2407 Rufus
