1685 2772
210 114 276 170 xL]
346 120 490 158 ΠΡΟΣ
516 119 767 159 ΒΟΙΩΤΟΝ
795 121 922 158 ΠΕΡΙ
950 121 1195 159 ΠΡΟΙΚΟΣ
1220 122 1511 160 ΜΗΤΡΩΙΑΣ
1566 112 1685 167 [1009

211 230 352 279 εἰδῆτε,
398 229 448 271 ὡς
490 229 559 269 οὐκ
599 230 676 281 ἐγὼ
717 229 857 269 τούτου
903 229 1027 271 αἴτιός
1070 230 1148 279 εἶμι
1197 229 1288 269 ἀλλ’
1331 231 1450 276 οῦτοι,
1492 231 1541 282 ἐξ

211 296 335 348 ἀρχῆς
358 297 462 346 ὑμῖν,
491 296 542 337 ὡς
566 295 614 336 ἂν
646 297 688 336 ἐν
717 294 983 349 βραχυτάτοις
1014 295 1198 347 δύνωμαι,
1225 296 1462 349 διηγήσομαι
1487 300 1536 338 τὰ

209 362 448 415 πραχθέντα.

275 428 327 468 ‘H
358 431 433 482 γὰρ
465 429 591 482 μήτηρ
622 430 645 480 ἡ
681 428 765 481 ἐμή,
797 427 826 469 ὦ
855 429 994 481 ἄνδρες
1028 431 1223 476 δικασταί,
1259 430 1430 482 θυγάτηρ
1462 433 1535 482 μὲν
1565 436 1587 469 6

170 509 187 540 5
209 494 256 544 ἦν
277 495 538 548 Πολυαράτου
555 496 806 548 Χολαργέως,
818 497 973 549 ἀδελφὴ
993 499 1034 537 δὲ
1050 496 1278 547 Μενεξένου
1297 497 1359 537 καὶ
1378 498 1531 537 Βαθύλ-

207 567 281 602 λου
307 563 369 603 καὶ
395 564 653 615 Περιάνδρου.
724 564 906 605 ἐκδόντος
931 565 973 603 δὲ
999 563 1120 613 αὐτὴν
1143 567 1212 603 τοῦ
1235 563 1380 615 πατρὸς
1406 566 1533 605 Κλεο-

207 628 366 680 μέδοντι
391 633 443 684 τῷ
472 629 657 672 Κλέωνος
673 632 759 676 υἱεῖ,
789 631 851 670 καὶ
871 633 1014 683 προῖκα
1029 630 1227 671 τάλαντον
1253 631 1469 681 ἐπιδόντος,
1489 631 1534 670 τὸ

206 697 279 746 μὲν
304 700 459 747 πρῶτον
490 697 614 752 τούτῳ
652 695 828 752 συνῴκει·
866 697 1092 750 γενομένων
1123 697 1156 737 δ’
1187 697 1284 754 αὐτῇ
1316 701 1431 750 τριῶν
1462 700 1534 749 μὲν
1567 702 1685 757 [1010

208 762 444 815 θυγατέρων,
465 766 550 804 υἱοῦ
565 764 598 804 δ’
616 764 704 806 ἑνὸς
724 764 923 810 Κλέωνος,
947 765 1009 805 καὶ
1033 766 1133 815 μετὰ
1157 767 1278 804 ταῦτα
1303 768 1370 804 τοῦ
1395 764 1534 817 ἀνδρὸς

148 850 188 872 10
207 829 304 886 αὐτῇ
328 829 652 881 τελευτήσαντος,
681 832 937 872 ἀπολιποῦσα
965 835 1035 872 τόν
1064 831 1173 871 οἶκον
1198 832 1260 872 καὶ
1286 831 1533 882 κομισαμένη

205 895 276 946 τὴν
300 900 456 948 προῖκα,
483 897 604 938 πάλιν
628 899 822 939 ἐκδόντων
846 898 967 948 αὐτὴν
995 902 1073 938 τῶν
1097 899 1285 950 ἀδελφῶν
1309 897 1534 948 Μενεξένου
1565 918 1584 952 7

208 963 269 1003 καὶ
301 965 512 1005 Βαθύλλου
535 964 571 1016 (ὁ
598 966 676 1017 γὰρ
708 967 951 1018 Περίανδρος
987 965 1045 1005 ἔτι
1068 969 1162 1006 παῖς
1196 962 1256 1015 ἧν)
1291 965 1356 1005 καὶ
1388 965 1431 1005 τὸ
1464 964 1530 1005 τά-

205 1034 354 1070 λαντον
374 1032 601 1077 ἐπιδόντων,
631 1030 837 1086 συνῴκησε
862 1036 913 1086 τῷ
948 1033 1026 1086 ἐμῷ
1053 1033 1183 1084 πατρί.
1255 1032 1317 1071 καὶ
1346 1033 1532 1084 γίγνομαι

207 1096 338 1138 αὐτοῖς
355 1098 432 1150 ἐγώ
457 1114 500 1138 τε
527 1099 589 1138 καὶ
609 1098 733 1140 ἄλλος
758 1098 936 1151 ἀδελφὸς
959 1100 1150 1151 νεώτερος
1170 1100 1276 1149 ἐμοῦ,
1298 1097 1341 1139 ὃς
1366 1099 1422 1138 ἔτι
1441 1103 1533 1141 παῖς

150 1178 184 1209 15
206 1162 260 1203 ὢν
299 1165 573 1214 ἐτελεύτησεν.
646 1165 698 1207 ὡς
738 1165 771 1204 δ’
808 1166 934 1215 ἀληθῆ
976 1164 1096 1217 λέγω,
1136 1165 1223 1218 περὶ
1262 1165 1409 1206 τούτων
1444 1166 1534 1217 ὑμῖν

204 1234 360 1281 πρῶτον
385 1231 475 1273 τοὺς
499 1231 696 1284 μάρτυρας
720 1231 950 1284 παρέξομαι.

763 1382 981 1411 ΜΑΡΤΤΡΕΣ.

270 1461 357 1513 Τὴν
374 1464 448 1514 μὲν
465 1463 599 1503 τοίνυν
617 1461 765 1514 μητέρα
785 1462 856 1512 τὴν
872 1462 968 1512 ἐμὴν
988 1463 1109 1503 οὕτως
1129 1462 1149 1501 ὁ
1169 1461 1296 1514 πατήρ
1312 1479 1387 1514 μου
1406 1461 1533 1514 γήμας
1563 1473 1584 1507 8

206 1529 292 1582 εἶχε
325 1533 494 1581 γυναῖκα
525 1531 568 1569 ἐν
594 1534 644 1586 τῇ
674 1530 779 1583 οἰκίᾳ
801 1535 849 1586 τῇ
875 1532 1023 1575 ἑαυτοῦ,
1064 1528 1133 1579 ἐμέ
1164 1545 1206 1569 τε
1236 1529 1439 1569 ἐπαίδευεν
1470 1530 1532 1569 καὶ

147 1612 188 1633 20
204 1595 352 1648 ἠγάπα,
375 1596 511 1647 ὥσπερ
531 1596 594 1636 καὶ
613 1597 721 1646 ὑμεῖς
745 1595 917 1637 ἅπαντες
936 1596 1026 1636 τοὺς
1045 1595 1254 1647 ὑμετέρους
1271 1599 1413 1637 παῖδας
1431 1597 1528 1648 ἀγα-

205 1665 316 1703 πᾶτε.
375 1668 423 1719 τῇ
450 1664 492 1703 δὲ
506 1662 655 1702 τούτων
677 1662 794 1714 μητρὶ
813 1663 1027 1714 Πλαγγόνι
1051 1663 1301 1712 ἐπλησίασεν
1325 1663 1459 1703 ὅντινα
1484 1662 1530 1713 δή

205 1728 292 1768 ποτ’
313 1730 382 1769 οῦν
398 1729 559 1781 τρόπον·
596 1728 640 1768 οὐ
653 1730 728 1781 γὰρ
750 1728 843 1779 ἐμὸν
862 1732 975 1769 τοῦτο
991 1728 1125 1781 λέγειν
1141 1729 1265 1769 ἐστίν.
1326 1730 1387 1770 καὶ
1408 1731 1529 1771 οὕτως
1559 1742 1582 1778 9

205 1795 249 1835 οὗ
274 1796 403 1836 πάντα
428 1813 475 1848 γε
497 1795 547 1846 ἣν
569 1796 643 1836 ὑπὸ
669 1798 738 1845 τῆς
762 1796 965 1846 ἐπιθυμίας
991 1794 1285 1846 κεκρατημένος,
1313 1796 1415 1836 ὥστε
1440 1795 1529 1836 οὐδὲ

203 1864 273 1912 τῆς
291 1862 436 1914 μητρὸς
458 1864 529 1912 τῆς
553 1863 647 1913 ἐμῆς
668 1863 943 1912 ἀποθανούσης
966 1861 1138 1911 ἠξίωσεν
1163 1861 1281 1911 αὐτὴν
1302 1863 1356 1904 εἷς
1379 1862 1451 1912 τὴν
1470 1864 1527 1902 οἶ-

145 1950 182 1982 25
206 1929 292 1969 κίαν
324 1921 415 1981 παρ’
442 1928 580 1969 ἑαυτὸν
606 1925 872 1977 εἰσδέξασθαι,
900 1929 988 1968 οὐδὲ
1019 1929 1191 1973 τούτους,
1220 1928 1270 1969 ὡς
1300 1930 1395 1970 υἱεῖς
1428 1930 1531 1969 εἰσιν

204 1995 334 2041 αὑτοῦ,
363 1998 588 2045 πεισθῆναι·
627 1996 731 2034 ἀλλὰ
755 1999 824 2034 τόν
847 1997 919 2045 μὲν
943 1994 1069 2034 ἄλλον
1094 1995 1239 2046 χρόνον
1264 1994 1369 2034 οῦτοι
1394 1997 1530 2047 διῆγον

205 2061 274 2101 οὐκ
305 2064 416 2103 ὄντες
441 2066 509 2102 τοῦ
533 2063 627 2112 ἐμοῦ
657 2062 815 2113 πατρός,
842 2061 893 2102 ὡς
925 2061 986 2101 καὶ
1009 2062 1116 2112 ὑμῶν
1141 2063 1177 2101 οἱ
1207 2062 1351 2101 πολλοὶ
1376 2063 1528 2112 ἴσασιν,

251 2181 265 2201 1
292 2173 347 2203 οὐκ
366 2172 430 2212 ἐγὼ
446 2170 470 2201 S
487 2182 494 2202 τ
520 2172 583 2212 ἐγὼ
600 2171 689 2210 vulg.
765 2170 881 2202 τούτου
899 2171 930 2200 in
949 2181 1013 2209 mg.
1034 2170 1057 2200 S
1075 2181 1125 2206 nr.
1145 2181 1186 2201 m.
1275 2173 1372 2202 αἴτιος
1391 2169 1414 2199 S
1431 2180 1527 2209 corn,

204 2214 244 2245 cf.
258 2214 350 2244 xlviii
363 2225 382 2253 3
397 2225 404 2244 :
427 2217 526 2246 αἴτιος
537 2216 593 2246 οὐκ
605 2213 643 2244 Sl
655 2214 743 2253 vulg.
814 2224 832 2253 5
857 2213 1048 2254 Χολαργέως
1061 2213 1101 2243 S:
1123 2216 1180 2244 τοῦ
1193 2219 1230 2245 Χ.
1244 2214 1329 2251 vulg.
1398 2224 1414 2252 7
1433 2215 1480 2244 ὑεῖ
1489 2212 1528 2243 Sl

204 2258 224 2287 8
248 2256 344 2299 αὐτῇ]
365 2260 449 2298 αὐτῷ
466 2257 490 2287 S
509 2269 516 2288 t
542 2260 647 2289 αὐτοῖς
661 2257 746 2288 coni.
767 2257 863 2287 Blass
880 2263 915 2287 ut
935 2260 949 2294 ξ
964 2267 982 2295 7
1091 2267 1112 2295 9
1137 2256 1281 2288 Κλέωνος
1292 2266 1357 2286 om.
1374 2256 1397 2285 S
1410 2258 1466 2294 qui
1484 2256 1529 2286 Si—

204 2310 308 2339 gnum
327 2301 553 2331 adnotationis
567 2301 678 2337 habet,
694 2300 746 2330 cui
765 2300 847 2330 nihil
864 2299 1050 2339 respondet
1067 2299 1102 2329 in
1121 2300 1273 2338 margine
1369 2309 1408 2328 10
1431 2301 1529 2336 αὐτῆς

203 2343 235 2373 Α
326 2354 364 2373 21
393 2342 589 2383 ἐπλησίαζεν
605 2343 636 2372 Α
655 2343 768 2379 (Blass
785 2343 859 2374 coll.
880 2346 895 2380 ξ
914 2353 966 2383 27,
987 2343 1059 2373 loco
1077 2347 1188 2373 tamen
1205 2352 1273 2373 non
1291 2343 1391 2381 plane
1412 2342 1528 2382 simili)

204 2398 246 2425 24
269 2389 390 2427 μητρὸς
406 2389 464 2425 τῆς
483 2389 560 2426 ἐμῆς
579 2387 621 2418 S:
649 2388 726 2426 ἐμῆς
742 2388 863 2428 μητρὸς
879 2386 967 2425 vulg.
