1685 2772
201 136 265 190 XL]
341 142 484 179 ΠΡΟΣ
512 142 764 179 ΒΟΙΩΤΟΝ
792 142 920 179 ΠΕΡΙ
947 142 1192 180 ΠΡΟΙΚΟΣ
1218 144 1510 183 ΝῙΙΙΤΡΩΙΑΣ
1564 135 1685 191 [101Ῑῖ

201 249 248 300 ἐξ
274 252 368 301 ἐμοῦ
401 250 636 302 γενομένους
666 252 826 290 ε’πιδεῖν.
899 251 977 303 ἐγὼ
1007 250 1060 297 δέ,
1094 249 1122 290 ὦ
1158 251 1295 303 ἄνδρες
1332 255 1535 300 δικασταί,

200 317 367 367 νομίζων
393 320 474 357 δεῖν
505 317 567 356 καὶ
598 318 788 368 πρότερον
820 317 884 356 καὶ
908 317 1040 367 ἐπειδὴ
1075 318 1182 358 οὗτοι
1216 319 1387 360 ἐλύπουν
1413 320 1530 360 αὐτὸν
1561 316 1685 372 [1012]

200 384 445 434 δικαζόμενοι
476 385 537 424 καὶ
567 383 779 435 πράγματα
815 383 1069 436 παρέχοντες,
1105 386 1171 435 ἐμὲ
1204 385 1435 426 τούναντίον
1468 387 1527 427 εὐ-

200 452 382 503 φραίνειν
408 450 563 491 ἅπαντα
588 454 775 491 ποιοῦντα
801 451 879 490 ὅσα
904 451 1038 505 ἐκείνῳ
1069 454 1297 504 χαριεῖσθαι
1326 452 1527 504 μέλλοιμι,

161 531 177 561 5
200 518 390 568 ἐπείσθην
406 518 520 572 αὐτῷ.
581 516 778 570 γήμαντος
799 516 842 557 δέ
857 534 932 568 μου
951 516 1020 558 τὸν
1043 518 1189 570 τρόπον
1206 522 1358 566 τοῦτον,
1381 521 1529 562 ἐκεῖνος
1564 531 1604 567 13

198 586 270 635 μὲν
286 584 330 624 τὸ
356 584 565 636 θυγάτριόν
590 602 657 635 μοι
687 585 831 625 ἐπιδὼν
864 585 1092 637 γενόμενον,
1121 585 1165 625 οὐ
1195 590 1364 628 πολλοῖς
1395 586 1529 627 ἕτεσιν

197 652 364 703 ὕστερον
382 651 644 703 ἀρρωστήσας
661 653 936 703 ἐτελεύτησεν·
967 653 1044 704 ἐγὼ
1061 651 1107 699 δ’,
1125 650 1154 692 ὦ
1174 652 1312 704 ἄνδρες
1329 655 1525 700 δικασταί,

200 719 341 768 ζῶντος
361 721 432 770 μὲν
452 723 520 758 τοῦ
546 722 690 771 πατρὸς
716 719 828 759 οὐδὲν
858 718 967 774 ᾤμην
991 722 1074 760 δεῖν
1103 721 1380 761 ἐναντιοῦσθαι
1409 722 1524 776 αὐτῷ,

197 785 509 836 τελευτήσαντος
535 788 577 827 δὲ
602 787 753 827 ἐκείνου
773 784 1030 837 εἰσεδεξάμην
1049 804 1094 829 τε
1116 787 1278 829 τούτους
1302 789 1357 829 εἰς
1376 787 1448 838 τὴν
1468 789 1524 828 οἰ-

139 870 180 894 10
198 854 286 893 κίαν
311 854 373 894 καὶ
405 857 483 894 τῶν
519 855 644 894 ὄντων
680 853 864 894 ἁπάντων
899 853 1112 905 μετέδωκα,
1147 854 1220 907 οὐχ
1255 855 1304 897 ὡς
1334 855 1526 908 ἀδελφοῖς

197 920 311 961 οὖσιν
337 919 439 972 (οὐδὲ
468 922 545 973 γὰρ
575 922 685 972 ὑμῶν
720 920 810 962 τοὺς
844 921 1020 962 πολλοὺς
1051 920 1274 971 λελήθασιν
1306 921 1351 962 ὃν
1380 923 1526 974 τρόπον

197 987 304 1028 οὗτοι
329 985 574 1040 γεγόνασιν),
600 988 771 1039 νομίζων
795 987 828 1028 δ’
862 988 1077 1040 ἀναγκαῖον
1108 988 1209 1029 εἶναί
1239 1006 1318 1039 μοι,
1347 989 1479 1039 ἐπειδὴ
1506 990 1526 1028 ὁ

196 1053 323 1106 πατὴρ
366 1052 604 1105 ἐξηπατήθη,
642 1056 853 1095 πείθεσθαι
891 1059 971 1096 τοῖς
1008 1056 1142 1105 νόμοις
1187 1059 1269 1097 τοῖς
1310 1055 1523 1107 ὑμετέροις.

197 1121 259 1161 καὶ
285 1122 406 1163 οὕτως
429 1121 493 1161 ὑπ’
519 1123 616 1172 ἐμοῦ
647 1123 702 1163 εἷς
730 1120 802 1171 τὴν
835 1122 962 1162 οἰκίαν
995 1122 1282 1175 εἰσδεχθέντες,
1303 1122 1353 1164 ὡς
1387 1124 1522 1174 ἐνεμό-
1562 1142 1605 1177 14

138 1210 174 1241 15
194 1191 295 1239 μεθα
319 1190 367 1228 τὰ
393 1192 565 1242 πατρῷα,
594 1186 797 1238 ἀξιοῦντος
823 1189 917 1238 ἐμοῦ
938 1189 1164 1239 ἀπολαβεῖν
1190 1189 1261 1239 τὴν
1287 1192 1354 1239 τῆς
1378 1190 1525 1240 μητρὸς

195 1259 338 1307 προῖκα
361 1253 648 1295 ἀντενεκάλουν
673 1255 737 1294 καὶ
770 1255 888 1303 οὗτοι,
917 1255 978 1294 καὶ
1005 1255 1165 1307 ἔφασαν
1199 1257 1436 1307 ὀφείλεσθαι
1462 1257 1524 1297 καὶ

194 1327 242 1378 τῇ
278 1322 403 1361 αὑτῶν
438 1322 555 1373 μητρὶ
594 1321 666 1371 τὴν
701 1323 794 1371 ’ίσην
830 1326 984 1373 προῖκα.
1058 1321 1450 1373 συμβουλευσάντων
1491 1323 1523 1363 δ’

194 1388 287 1438 ἡμῖν
312 1392 391 1428 τῶν
414 1388 632 1440 παρόντων,
653 1389 702 1427 τὰ
725 1390 800 1439 μὲν
824 1387 932 1428 ἄλλα
957 1387 1086 1428 πάντα
1112 1388 1359 1440 ἐνειμάμεθα,
1387 1389 1457 1440 τὴν
1483 1392 1525 1430 δὲ

195 1455 322 1494 οἰκίαν
349 1455 410 1494 καὶ
434 1455 525 1496 τοὺς
550 1458 690 1495 παῖδας
709 1455 799 1496 τοὺς
821 1455 1022 1497 διακόνους
1044 1459 1112 1495 τοῦ
1132 1455 1278 1507 πατρὸς
1305 1455 1524 1508 ἐξαιρέτους

135 1537 174 1558 20
194 1520 477 1572 ἐποιησάμεθα,
504 1520 553 1561 ἵν’
576 1523 618 1561 ἐκ
642 1523 714 1572 μὲν
738 1523 807 1571 τῆς
834 1522 969 1568 οἰκίας,
993 1521 1196 1573 ὁποτέροις
1221 1522 1269 1562 ἂν
1294 1523 1404 1573 ἡμῶν
1429 1525 1521 1575 φαί-
1571 1537 1610 1575 15

193 1604 306 1638 νηται
335 1587 576 1640 ὀφειλομένη
605 1588 627 1638 ἡ
660 1587 787 1640 προίξ,
821 1588 928 1628 οὗτοι
962 1588 1082 1638 αὐτὴν
1121 1591 1374 1640 κομίσωνται,
1407 1590 1448 1630 ἐκ
1482 1592 1524 1630 δὲ

192 1658 271 1695 τῶν
295 1656 444 1695 παίδων
471 1659 610 1695 κοινῶν
630 1656 768 1702 ὄντων,
797 1654 865 1695 ἐάν
884 1672 923 1696 τι
948 1655 1054 1696 οὗτοι
1074 1660 1153 1696 τῶν
1178 1654 1364 1711 πατρῴων
1389 1657 1520 1707 ἐπιζη-

193 1725 328 1768 τῶσιν,
351 1722 636 1769 πυνθάνωνται,
656 1723 718 1763 καὶ
744 1723 1034 1773 βασανίζοντες
1061 1723 1201 1765 αὐτοὺς
1228 1724 1289 1763 καὶ
1314 1723 1425 1777 ἄλλῳ
1446 1724 1521 1778 ὅτῳ

194 1787 242 1828 ἂν
276 1790 406 1844 τρόπῳ
437 1791 666 1840 βούλωνται
703 1791 918 1840 ζητοῦντες.
991 1791 1051 1829 ὅτι
1083 1792 1124 1830 δὲ
1160 1790 1222 1831 καὶ
1255 1790 1361 1829 ταῦτ’
1395 1791 1522 1841 ἀληθῆ

136 1869 171 1900 25
192 1855 314 1908 λέγω,
341 1858 383 1896 ἐκ
407 1857 555 1898 τούτων
581 1861 658 1898 τῶν
682 1862 904 1909 μαρτυριῶν
931 1859 1104 1897 εἴσεσθε.

743 1956 969 1983 ΜΑΡΤτΡιΑῐ.
1557 1939 1685 1999 [1013]

263 2014 376 2053 Μετὰ
400 2016 522 2053 ταῦτα
546 2015 677 2054 τοίνυν
702 2014 812 2053 οὗτοί
843 2030 886 2054 τε
912 2013 999 2064 ἐμοὶ
1025 2013 1133 2054 δίκας
1168 2013 1317 2065 ἔλαχον
1347 2014 1444 2064 ὑπὲρ
1469 2014 1523 2052 ὧν
1559 2021 1601 2054 16

195 2078 406 2120 ἐνεκάλουν
450 2080 555 2131 κάγὼ
597 2080 748 2122 τούτοις
781 2081 878 2132 ὑπὲρ
917 2083 985 2130 τῆς
1027 2080 1198 2132 προικός.
1270 2080 1331 2119 καὶ
1368 2079 1412 2119 τὸ
1451 2081 1522 2130 μὲν

238 2201 256 2219 2
281 2189 366 2221 οὗτοι
385 2190 408 2220 S
424 2201 431 2220 t
456 2190 505 2221 καὶ
523 2188 611 2221 οὗτοι
628 2190 716 2229 vulg.
862 2191 882 2219 6
905 2189 1055 2223 πολλοῖςἾ
1075 2190 1198 2222 πολλὺς
1217 2189 1240 2220 5
1389 2192 1408 2220 8
1433 2189 1524 2222 οὐδὲν

197 2233 220 2263 S
236 2244 243 2263 :
267 2235 322 2265 οὐκ
339 2233 424 2271 vulg.
590 2243 625 2263 11
652 2234 725 2265 τοὺς
742 2233 884 2265 πολλοὺς
903 2235 986 2272 ὑμῶν
1006 2233 1070 2271 FQ
1239 2243 1276 2272 15
1302 2236 1377 2272 ἐμοῦ
1396 2234 1439 2264 S:
1464 2247 1524 2273 μου

194 2276 284 2314 vulg.
375 2281 450 2315 post
466 2277 585 2316 μητρὸς
605 2277 681 2306 add.
702 2290 760 2315 μου
778 2277 865 2315 vulg.
881 2288 887 2307 ε
913 2287 977 2307 οῐῃ.
999 2277 1022 2306 S
1170 2286 1208 2315 19
1231 2278 1304 2310 τοὺς
1321 2280 1433 2309 παῖδας
1450 2277 1523 2309 τοὺς

195 2319 356 2352 διακόνους
375 2320 398 2349 S
410 2319 452 2355 A,
468 2319 509 2350 cf.
528 2319 660 2358 Hyper.
675 2319 713 2350 fr.
729 2330 770 2358 70
787 2331 795 2350 ε
818 2320 892 2351 τοὺς
910 2319 1073 2352 διακόνους
1083 2322 1196 2351 παῖδας
1215 2319 1239 2350 F
1251 2320 1280 2357 Q
1358 2321 1430 2359 τοῦ]
1450 2321 1523 2352 τοὺς

195 2365 252 2394 τοῦ
270 2362 294 2392 F
308 2363 348 2400 Q,
370 2363 506 2393 Dobree
524 2362 702 2403 (διακόνους
721 2363 853 2403 deleto)
967 2373 1010 2393 20
1032 2361 1073 2394 ‘lv'
1090 2364 1113 2393 S
1130 2374 1136 2393 :
1160 2362 1200 2394 ἵν’
1218 2362 1238 2404 ᾖ
1259 2363 1302 2393 F:
1327 2364 1366 2395 ‘lu’
1386 2368 1431 2401 εἴη
1449 2363 1479 2392 Α
1494 2363 1523 2400 Q

195 2406 284 2444 ἡμῶν
300 2407 450 2446 φαίνηται
469 2406 492 2436 S
506 2405 557 2435 A:
583 2407 733 2447 φαίνηται
752 2407 837 2445 ἡμῶν
853 2406 942 2446 vulg.
1062 2417 1102 2443 24
1127 2405 1326 2446 βούλωνται]
1345 2411 1524 2443 βουλυιντω

197 2448 221 2479 S
313 2448 499 2490 ζητοῦντες]
519 2449 626 2489 ζητεῖν
642 2450 674 2479 Α
764 2452 812 2481 καὶ
832 2461 896 2480 om.
915 2449 946 2480 A
1080 2459 1120 2488 25
1145 2451 1277 2481 τουτωνὶ
1295 2449 1325 2479 Α
