1685 2772
155 862 193 885 10

153 1531 191 1553 20

220 136 286 193 XL]
356 141 501 179 ΠΡΟΣ
530 139 776 179 ΒΟΙΩΤΟΝ
804 141 933 178 ΠΕΡΙ
961 140 1203 178 ΠΡΟΙΚΟΣ
1231 141 1520 178 ΜΗΤΡΩΙΑΣ
1581 130 1685 184 [ΙΟ2Δ

220 250 269 292 ἂν
295 249 487 303 θυγατέρα
504 267 578 301 μου
597 248 688 290 ἀλλ’
715 249 896 301 ἀδελφὴν
918 249 1017 290 εἶναι
1041 249 1161 300 αὐτὴν
1186 250 1404 301 νομίσαιτε·
1442 250 1548 290 οὗτοι

222 317 277 363 δέ,
295 319 364 358 ἐὰν
379 318 488 368 ὑμεῖς
503 334 569 368 μοι
584 314 827 367 βοηθήσητε,
847 317 960 357 οὐδὲν
976 317 1018 356 ἐκ
1034 320 1110 357 τῶν
1128 316 1234 357 ἰδίων
1251 318 1545 363 ἀποτείσουσιν,

223 383 314 424 ἀλλ’
340 384 380 424 ἐκ
407 385 474 433 τῆς
499 384 623 424 οἰκίας
647 384 694 422 τὰ
720 384 794 433 ἐμὰ
819 383 905 434 ἐμοὶ
925 383 1218 430 ἀποδώσουσιν,
1247 383 1293 434 ἣν
1318 383 1549 435 ἐξειλόμεθα
1582 383 1685 438 [1025

222 453 295 502 μὲν
321 450 429 505 κοινῇ
454 449 597 491 πάντες
624 450 679 491 εἰς
703 449 774 499 τὴν
794 450 967 490 ἔκτεισιν
991 452 1058 500 τῆς
1085 450 1256 502 προικός,
1285 452 1481 492 οἰκοῦντες
1507 452 1548 491 δὲ

223 517 342 566 αὐτὴν
385 516 492 556 οὗτοι
533 516 645 567 μόνοι
687 519 950 557 διατελοῦσιν.
1007 517 1095 557 οὔτε
1137 518 1213 569 γὰρ
1253 517 1438 568 ἁρμόττει
1483 534 1550 568 μοι
1583 530 1624 567 57

224 582 418 635 θυγατέρα
444 583 637 634 ἐπίγαμον
657 582 790 636 ἔχοντι
809 584 930 623 οἰκεῖν
953 584 1052 634 μετὰ
1070 584 1270 630 τοιούτων,
1299 584 1335 624 οἲ
1360 583 1404 623 οὐ
1427 584 1552 635 μόνον

224 649 333 690 αὐτοὶ
375 650 557 701 ἀσελγῶς
601 650 733 699 ζῶσιν,
778 650 884 690 ἀλλὰ
927 650 990 690 καὶ
1031 650 1185 701 ὁμοίους
1222 652 1353 692 αὑτοῖς
1395 650 1551 703 ἑτέρους

224 715 400 758 πολλοὺς
420 717 474 758 εἰς
493 716 563 766 τὴν
584 718 710 757 οἰκίαν
730 716 976 769 εἰσάγουσιν,
999 717 1087 757 οὔτε
1103 718 1157 768 μὰ
1176 717 1244 758 τὸν
1266 719 1345 758 Δία
1366 719 1551 770 ἀσφαλὲς

226 782 328 824 εἷναί
348 800 416 834 μοι
440 783 583 834 νομίζω
610 784 736 834 συζῆν
760 784 914 825 τούτοις
939 785 981 824 ἐν
999 788 1052 838 τῷ
1078 784 1193 838 αὐτῷ·
1232 785 1330 824 ὅπου
1355 786 1430 837 γὰρ
1450 786 1550 825 οὕτω

225 854 406 903 φανερῶς
442 867 510 901 μοι
551 850 912 902 ἐπιβουλεύσαντες
954 852 1009 892 εἰς
1044 849 1205 902 ’Ἄρειον
1245 850 1375 904 πάγον
1416 852 1551 904 ἀγῶνα

227 917 535 964 κατεσκεύασαν,
562 919 667 959 τίνος
692 917 739 958 ἂν
764 918 870 958 οὗτοι
894 914 917 968 ἢ
938 918 1182 970 φαρμακείας
1200 914 1223 968 ἢ
1244 917 1371 969 ἄλλης
1389 935 1548 971 κακουρ-

225 985 313 1036 γίας
341 984 522 1035 τοιαύτης
551 986 641 1036 ὑμῖν
679 984 935 1038 ἀποσχέσθαι
960 987 1164 1032 δοκοῦσιν,·
1202 986 1242 1026 οἵ
1267 1003 1312 1038 γε
1345 985 1441 1037 πρὸς
1470 989 1552 1028 τοῖς
1585 996 1628 1040 58

225 1050 363 1093 ἄλλοις
398 1049 554 1104 (ἀρτίως
596 1054 671 1104 γὰρ
712 1053 775 1092 καὶ
811 1055 925 1091 τοῦτο
962 1050 1229 1103 ἀνεμνήσθην)
1266 1054 1321 1094 εἰς
1356 1053 1552 1103 τοσαύτην

224 1117 456 1171 ὑπερβολὴν
484 1118 634 1170 τόλμης
663 1118 841 1169 ἥκουσιν,
873 1118 978 1159 ὥστε
1013 1119 1073 1159 καὶ
1107 1120 1307 1171 Κρίτωνος
1334 1121 1550 1172 μαρτυρίαν

226 1184 481 1235 ἐνεβάλοντο,
504 1185 555 1227 ὡς
572 1186 738 1235 ἐώνηται
756 1185 800 1225 τὸ
819 1186 950 1238 τρίτον
970 1185 1060 1237 παρ’
1082 1187 1175 1236 ἐμοῦ
1187 1186 1305 1238 μέρος
1324 1189 1393 1237 τῆς
1410 1188 1547 1228 οἰκίας·

224 1251 283 1302 ἥν,
312 1252 371 1292 ὅτι
396 1251 546 1304 ψευδής
573 1253 671 1298 ἐστι,
698 1252 840 1305 ῥᾳδίως
866 1253 1039 1292 εἴσεσθε.
1100 1256 1255 1304 πρῶτον
1279 1255 1352 1304 μὲν
1375 1255 1451 1306 γὰρ
1476 1253 1549 1307 οὐχ

224 1320 323 1359 οὕτω
348 1319 513 1371 μετρίως
540 1319 583 1375 ζῇ
610 1320 764 1370 Κρίτων
789 1320 893 1359 ὥστε
918 1318 1007 1370 παρ’
1033 1318 1166 1371 ἑτέρου
1191 1321 1317 1360 οἰκίαν
1346 1319 1546 1366 ὠνεῖσθαι,

224 1385 314 1425 ἀλλ’
348 1386 469 1427 οὕτως
499 1389 728 1427 πολυτελῶς
760 1386 822 1426 καὶ
852 1386 1015 1427 ἀσώτως
1044 1386 1149 1427 ὥστε
1178 1386 1274 1438 πρὸς
1305 1390 1387 1428 τοῖς
1411 1389 1550 1427 ἑαυτοῦ

225 1453 287 1492 καὶ
317 1453 365 1491 τὰ
396 1456 473 1493 τῶν
507 1452 644 1493 ἄλλων
681 1454 928 1493 ἀναλίσκειν·
967 1453 1102 1493 ἔπειτα
1135 1453 1179 1493 οὐ
1206 1457 1394 1505 μαρτυρεῖ
1425 1454 1548 1509 τούτῳ

223 1522 303 1565 νῦν,
331 1518 423 1558 ἀλλ’
458 1519 543 1570 ἐμοὶ
569 1520 767 1559 ἀντιδικεῖ·
804 1521 863 1561 τίς
896 1521 971 1571 γὰρ
995 1521 1102 1570 ὑμῶν
1131 1519 1198 1560 οὐκ
1231 1520 1336 1560 οἶδεν
1364 1521 1424 1561 ὅτι
1449 1519 1546 1572 μάρ-

221 1602 331 1637 τυρες
355 1585 430 1636 μέν
455 1587 557 1626 εἰσιν
582 1586 700 1632 οὗτοι,
720 1587 778 1628 οἶς
801 1585 853 1637 μὴ
878 1585 1040 1637 μέτεστι
1057 1590 1125 1626 τοῦ
1144 1586 1371 1638 πράγματος
1398 1587 1486 1639 περὶ
1505 1588 1550 1628 οὗ

223 1652 246 1702 ἡ
273 1653 356 1703 δίκη
384 1654 508 1700 ἐστίν,
540 1653 729 1693 ἀντίδικοι
762 1652 795 1693 δ’
829 1655 864 1693 οἱ
899 1656 1174 1695 κοινωνοῦντες
1206 1657 1283 1694 τῶν
1309 1653 1550 1706 πραγμάτων

224 1719 312 1771 περὶ
347 1720 401 1759 ῶν
437 1718 484 1759 ἂν
514 1719 717 1769 δικάζηταί
745 1736 803 1761 τις
833 1719 984 1766 αὐτοῖς;
1024 1719 1043 1759 ὃ
1073 1721 1243 1771 Κρίτωνι
1275 1720 1546 1771 συμβέβηκεν.

224 1786 282 1826 ἔτι
311 1787 353 1826 δὲ
382 1786 583 1826 τοσούτων
608 1787 714 1837 ὑμῶν
750 1788 888 1833 ὄντων,
919 1785 949 1826 ὦ
980 1785 1118 1838 ἄνδρες
1149 1787 1344 1832 δικασταί,
1381 1787 1442 1827 καὶ
1471 1792 1549 1828 τῶν
1580 1802 1623 1838 59

224 1851 360 1892 ἄλλων
390 1852 612 1903 Ἀθηναίων
643 1850 846 1905 [πολλῶν],
878 1852 1004 1895 ἄλλος
1035 1855 1107 1904 μὲν
1138 1853 1262 1894 οὐδεὶς
1292 1853 1393 1908 αὐτῷ
1423 1871 1545 1906 παρα-

224 1918 412 1971 γενέσθαι
450 1919 732 1971 μεμαρτύρηκε,
770 1919 1018 1971 Τιμοκράτης
1054 1922 1094 1960 δὲ
1131 1921 1263 1970 μόνος,
1301 1920 1435 1972 ὥσπερ
1472 1921 1549 1960 ἀπὸ

221 1988 414 2039 μηχανῆς,
452 1990 640 2038 μαρτυρεῖ
671 1988 742 2036 μὲν
776 1985 941 2036 δεκάτην
971 1988 1157 2026 ἑστιᾶσαι
1192 1987 1314 2041 τούτῳ
1351 1986 1419 2027 τὸν
1455 1987 1550 2038 ἐμὸν
1582 1982 1685 2036 [1024

270 2105 283 2124 1
312 2095 461 2134 νομίσετε
480 2095 503 2126 S
518 2095 547 2124 D
682 2106 701 2125 2
725 2095 906 2133 βοηθήσετε
925 2095 948 2126 S
1070 2097 1091 2126 6
1114 2096 1268 2128 τοιούτων
1285 2096 1374 2135 vulg.
1395 2096 1426 2126 A
1443 2107 1546 2129 corn:

222 2137 347 2170 τούτων
363 2136 408 2167 Al
475 2140 494 2169 8
521 2138 661 2170 πολλοὺς
677 2149 742 2169 om.
762 2138 792 2168 A
859 2150 880 2178 9
897 2137 996 2178 συζῆν
1009 2138 1133 2171 τούτοις
1145 2139 1169 2170 S
1185 2139 1318 2180 (rnulf-N,
1340 2140 1464 2182 F79.Q
1477 2152 1545 2181 γρ.;

224 2180 281 2220 ζῆν
298 2182 358 2213 σὺν
375 2182 457 2222 (τοῖς
475 2182 549 2212 add.
569 2181 614 2219 A)
633 2181 788 2214 τοιούτοις
805 2182 834 2211 Α
851 2183 876 2212 F
893 2182 922 2220 Q
1016 2192 1049 2212 11
1069 2183 1153 2215 τίνος
1165 2184 1203 2215 ἂν
1216 2209 1221 2213 .
1236 2206 1243 2213 .
1262 2185 1299 2222 ,ἢ
1315 2186 1419 2222 ἄλλης
1436 2185 1524 2224 vulg.
1541 2195 1548 2214 t

223 2225 309 2256 τίνος
326 2248 334 2255 .
353 2247 361 2255 .
381 2249 388 2255 .
407 2232 494 2262 αλλη
513 2224 559 2255 S:
582 2225 668 2257 τίνος
686 2249 693 2256 .
715 2249 722 2256 .
742 2250 749 2257 .
767 2227 804 2257 ἂν
821 2227 840 2264 ἢ
860 2226 995 2265 Sauppe
1124 2236 1160 2264 14
1185 2227 1333 2268 ἥκουσιν]
1353 2227 1549 2265 ἐληλύθασιν

226 2267 291 2305 FQ
415 2278 452 2306 15
476 2267 548 2309 παρ’
568 2270 642 2307 ἐμοῦ
658 2268 749 2309 μέρος
768 2269 791 2298 S
809 2280 814 2300 z
840 2269 931 2310 μέρος
949 2271 1020 2310 παρ’
1039 2272 1113 2308 ἐμοῦ
1129 2270 1217 2309 vulg.
1345 2273 1383 2300 16
1407 2285 1467 2311 ουχ
1486 2285 1548 2303 οτω

225 2311 249 2340 S
343 2321 379 2350 17
398 2314 413 2342 ὁ
426 2312 547 2352 Κρίτων
560 2311 590 2341 Α
680 2321 715 2341 21
735 2313 778 2351 μὴ
791 2312 927 2351 μέτεστι
946 2313 971 2342 F
985 2313 1025 2350 Q,
1041 2314 1080 2343 cs.
1096 2313 1117 2342 ii
1135 2315 1173 2343 16
1192 2324 1198 2343 :
1221 2314 1361 2353 μητὲστι
1377 2314 1423 2344 S:
1448 2314 1549 2354 μηδὲν

224 2354 356 2392 μέτεστι
374 2354 404 2383 Α
547 2365 587 2393 23
612 2355 696 2396 περὶ]
715 2355 791 2397 ὑπὲρ
808 2356 837 2384 Α
943 2362 1064 2397 Κριτων
1082 2357 1105 2386 S
1253 2367 1294 2395 25
1319 2362 1452 2389 πολλῶν
1467 2359 1546 2388 Secl.

226 2397 373 2434 Reiske;
400 2409 441 2428 ex
459 2398 550 2428 varia
567 2399 712 2429 lectione
729 2403 870 2431 πολιτῶν
887 2404 997 2430 ortum
1016 2406 1096 2439 puto
1230 2411 1268 2438 27
1295 2404 1438 2433 ἵστιασαι
1457 2403 1480 2432 S
