1685 2772
141 80 287 133 xxm]
503 82 668 121 ΥΠΕΡ
716 83 1098 121 ΦΟΡΜΙΩΝΟΣ
1503 74 1616 129 [951]

140 195 252 236 οὗτος
291 194 465 245 ἐγκαλεῖ.
536 193 659 233 καίτοι
697 193 743 233 οὐ
779 192 904 244 δήπου
940 192 1010 234 τὸν
1044 195 1117 244 μὲν
1152 193 1257 234 παῖδ’
1295 193 1369 235 ὑπὸ
1406 197 1473 234 τοῦ

139 260 286 313 πατρὸς
312 258 640 312 καταλειφθέντα,
669 260 731 300 καὶ
756 260 801 299 οὗ
826 264 905 300 τῶν
931 261 1057 301 ὄντων
1084 261 1212 312 κύριος
1237 259 1298 311 ἦν,
1319 262 1471 313 ἐπίτρο-

140 345 213 370 πος
250 325 621 377 καταλελειμμένος,
649 326 717 366 οὐκ
753 325 801 366 ἂν
837 326 974 377 ἠδίκει,
998 329 1046 368 σὲ
1077 327 1131 374 δέ,
1158 327 1200 370 ὃς
1234 327 1331 378 ἀνὴρ
1358 344 1468 368 κατε-

138 395 310 447 λείφθης
333 392 500 445 τέτταρα
526 393 589 433 καὶ
616 394 768 433 εἴκοσιν
794 393 860 444 ἔτη
888 395 1076 446 γεγονώς,
1106 394 1168 434 καὶ
1201 395 1298 447 ὑπὲρ
1324 397 1471 435 σαυτοῦ

99 475 118 507 5
137 461 277 515 ῥαδίως
302 459 350 500 ἂν
373 461 422 500 τὰ
440 458 554 500 δίκαι’
569 459 798 510 ἐλάμβανες
819 460 944 506 εὐθύς,
972 462 1010 501 εἴ
1030 478 1067 501 τι
1091 461 1238 511 ἠδικοῦ.
1296 460 1365 502 οὐκ
1384 461 1471 502 ἔστι

138 531 269 567 ταῦτα.
342 527 393 568 ὡς
417 527 547 567 τοίνυν
570 526 676 567 ταῦτ’
704 527 832 577 ἀληθῆ
860 526 966 579 λέγω
992 528 1056 568 καὶ
1082 529 1101 567 ὁ
1122 530 1333 579 Πασικλῆς
1357 528 1471 570 οὐδὲν

139 595 313 646 ἐγκαλεῖ,
338 592 447 645 λαβέ
468 609 537 644 μοι
558 593 631 644 τὴν
655 593 794 634 τούτου
819 595 1047 646 μαρτυρίαν.

694 716 905 744 ΜΑΡΤΎΡΙΑ.

195 782 251 824 ΔΑ
277 785 410 825 τοίνυν
432 784 505 836 ἤδη
531 786 619 836 περὶ
653 786 772 825 αὐτοῦ
796 789 863 826 τοῦ
891 784 942 836 μὴ
970 785 1238 838 εἰσαγώγιμον
1270 785 1369 826 εἶναι
1398 784 1469 836 τὴν
1500 803 1543 839 23

82 870 121 892 10
139 853 252 903 δίκην
265 854 326 893 δεῖ
348 856 512 893 σκοπεῖν
531 853 641 903 ὑμᾶς,
663 851 768 893 ταῦτ’
786 851 1059 904 ἀναμνήσθητ’
1079 854 1123 893 ἐκ
1142 857 1220 893 τῶν
1240 852 1466 905 εἰρημένων.

139 919 248 970 ἡμεῖς
274 919 362 971 γάρ,
383 918 413 960 ὦ
437 918 576 971 ἄνδρες
591 918 808 970 Ἀθηναῖοι,
837 919 1105 972 γεγενημένου
1121 922 1192 971 μὲν
1207 922 1468 972 διαλογισμοῦ

141 986 203 1026 καὶ
223 985 409 1038 ἀφέσεως
426 989 495 1036 τῆς
512 985 706 1038 τραπέζης
727 987 790 1027 καὶ
809 990 877 1026 τοῦ
895 987 1213 1039 ἀσπιδοπηγείου
1232 989 1300 1037 τῆς
1314 987 1465 1038 μισθώ-

141 1070 257 1099 σεως,
283 1052 548 1106 γεγενημένης
584 1055 626 1093 δὲ
655 1053 803 1104 διαίτης
840 1054 901 1094 καὶ
931 1053 1053 1094 πάλιν
1083 1053 1242 1094 πάντων
1269 1053 1465 1106 ἀφέσεως,

140 1120 209 1160 οὐκ
233 1120 387 1160 ἐώντων
403 1123 482 1160 τῶν
506 1120 636 1170 νόμων
656 1120 765 1162 δίκας
784 1121 838 1161 ὧν
858 1119 907 1160 ἂν
923 1120 1008 1177 ἀφῇ
1027 1137 1085 1163 τις
1111 1120 1219 1172 ἅπαξ
1234 1119 1466 1173 λαγχάνειν,

81 1204 118 1236 15
141 1189 484 1238 συκοφαντοῦντος
515 1187 654 1227 τούτου
687 1187 750 1227 καὶ
783 1188 889 1239 παρὰ
920 1187 1010 1229 τοὺς
1043 1188 1184 1238 νόμους
1217 1187 1469 1238 δικαζομένου
1499 1196 1544 1229 24

140 1252 465 1305 παρεγραψάμεθ’
485 1254 526 1292 ἐκ
545 1256 622 1293 τῶν
639 1254 769 1304 νόμων
784 1254 836 1304 μὴ
854 1254 954 1294 εἶναι
969 1254 1040 1304 τὴν
1060 1255 1170 1303 δίκην
1187 1254 1467 1306 εἰσαγώγιμον.

140 1318 190 1360 ἵν’
216 1319 283 1360 οὖν
309 1319 429 1370 εἰδῆθ’
454 1321 550 1371 ὑπὲρ
576 1320 620 1359 οὗ
644 1319 715 1370 τὴν
739 1323 885 1373 ψῆφον
910 1323 1054 1368 οἴσετε,
1072 1321 1141 1361 τόν
1166 1339 1209 1362 τε
1234 1322 1354 1372 νόμον
1378 1321 1469 1371 ὑμῖν

138 1390 278 1427 τοῦτον
304 1386 578 1438 ἀναγνώσεται
603 1388 666 1427 καὶ
690 1389 761 1429 τὰς
797 1389 1009 1440 μαρτυρίας
1043 1387 1190 1441 ἐφεξῆς
1218 1392 1297 1428 τῶν
1323 1388 1466 1439 παρόν-

139 1470 230 1499 των,
274 1452 331 1492 ὅτ’
374 1453 485 1505 ἀφίει
525 1456 593 1504 τῆς
632 1454 870 1505 μισθώσεως
907 1456 970 1495 καὶ
1006 1459 1084 1495 τῶν
1112 1454 1248 1495 ἄλλων
1285 1453 1469 1495 ἁπάντων
1502 1451 1618 1506 [952]

82 1539 122 1560 20
142 1519 399 1571 ἐγκλημάτων
424 1519 741 1573 Ἀπολλόδωρος.
813 1521 920 1572 λαβέ
948 1539 1016 1573 μοι
1039 1523 1108 1564 τὰς
1133 1522 1345 1575 μαρτυρίας
1378 1538 1466 1562 ταυ-

142 1586 235 1626 τασὶ
260 1586 322 1627 καὶ
345 1586 414 1627 τὸν
438 1587 572 1638 νόμον.

584 1701 811 1729 ΜΑΡΤὙΡῘΑῙ.
861 1703 1018 1732 ΝΟΜΟΣ.

207 1771 391 1812 Ἀκούετε
425 1775 493 1811 τοῦ
522 1772 643 1822 νόμου
672 1770 875 1824 λέγοντος,
905 1770 934 1811 ὦ
959 1772 1097 1825 ἄνδρες
1123 1772 1337 1823 Ἀθηναῖοι,
1365 1771 1413 1812 τά
1437 1770 1471 1811 τ’
1502 1784 1543 1822 25

140 1837 233 1878 ἀλλ’
258 1839 313 1878 ὧν
337 1837 389 1889 μὴ
417 1837 517 1879 εἶναι
546 1839 666 1885 δίκας,
695 1839 757 1878 καὶ
788 1840 867 1879 ὅσα
896 1856 955 1882 τις
987 1840 1142 1892 ἀφῆκεν
1170 1836 1193 1889 ἢ
1227 1837 1469 1889 ἀπήλλαξεν.

81 1929 120 1960 25
142 1905 313 1946 εἰκότως·
351 1905 385 1944 εἰ
420 1904 496 1957 γάρ
531 1906 620 1945 ε’στι
654 1905 817 1953 δίκαιον,
855 1907 909 1946 ὧν
945 1906 994 1948 ἂν
1031 1903 1141 1955 ἅπαξ
1173 1904 1334 1958 γένηται
1370 1906 1468 1955 δίκη,

139 1970 274 2022 μηκέτ’
301 1968 446 2020 ἐξεῖναι
471 1971 708 2022 δικάζεσθαι,
737 1973 841 2013 πολὺ
871 1977 949 2014 τῶν
975 1972 1205 2026 ἀφεθέντων
1230 1972 1472 2021 δικαιότερον

140 2037 192 2088 μὴ
227 2037 328 2078 εἶναι
358 2038 477 2080 δίκας.
550 2039 570 2078 ὁ
593 2041 666 2089 μὲν
690 2040 766 2091 γὰρ
792 2041 834 2080 ἐν
859 2041 949 2091 ὑμῖν
974 2040 1155 2091 ἡττηθεὶς
1180 2038 1270 2093 τάχ’
1295 2038 1343 2080 ἂν
1369 2040 1472 2079 εἴποι

184 2157 206 2186 9
229 2149 289 2185 ἤδη
307 2147 330 2178 S
347 2159 355 2178 ·.
379 2149 440 2185 ἤδη
457 2148 508 2180 καὶ
525 2147 579 2178 A:
602 2157 666 2178 om.
683 2147 771 2187 vulg.
874 2159 909 2179 11
935 2148 993 2189 μὲν
1011 2159 1076 2181 om.
1099 2148 1124 2178 F
1137 2148 1167 2187 Q
1182 2148 1210 2178 D
1314 2158 1352 2188 13
1376 2148 1473 2181 πάλιν

143 2189 272 2222 πάντων
289 2190 432 2231 ἀφέσεως
447 2191 470 2221 S
487 2202 494 2221 t
517 2190 646 2222 πάντων
663 2191 762 2223 πάλιν
782 2191 926 2232 ἀφέσεως
939 2192 1027 2231 vulg.
1043 2203 1049 2223 τ
1076 2193 1175 2224 πάλιν
1186 2190 1332 2232 ἀφέσεως
1343 2192 1472 2224 πάντων

142 2233 174 2263 Α
309 2235 348 2263 16
373 2234 450 2266 εἶναι
466 2234 572 2274 εἰσαγ.
589 2247 618 2265 τ.
637 2237 664 2265 δ.
683 2233 734 2265 A:
761 2236 866 2275 εἶσαγ.
885 2236 964 2267 εἶναι
981 2249 1009 2266 τ.
1029 2239 1057 2267 δ.
1079 2235 1104 2266 F
1117 2235 1147 2274 Q
1162 2235 1191 2265 D
1294 2245 1330 2274 17
1358 2235 1470 2275 εἰδῆθ’]

142 2279 242 2315 ηδητε
261 2276 299 2307 Sl
314 2289 321 2308 ι
344 2279 433 2315 ἰδῆτε
451 2276 474 2307 S
495 2286 580 2308 corr.
714 2287 756 2307 20
773 2283 848 2316 post
861 2277 1103 2319 Ἀπολλόδωρος
1116 2279 1192 2308 add.
1206 2279 1369 2318 Φορμίωνα
1386 2278 1450 2317 FQ
1467 2290 1474 2309 ε

142 2330 206 2350 orn.
226 2319 249 2350 S
264 2319 306 2359 A,
323 2320 364 2352 cf.
385 2323 401 2358 ξ
422 2321 461 2350 16
650 2330 755 2358 24-27
780 2323 830 2352 καὶ
851 2346 858 2352 .
877 2345 884 2352 .
902 2345 909 2352 .
927 2322 1015 2354 δίκας
1032 2331 1097 2352 om.
1116 2322 1150 2359 S,
1171 2322 1204 2351 in
1223 2322 1376 2361 margine
1395 2322 1471 2353 add.

143 2372 187 2394 m.
204 2372 272 2395 ree.
405 2372 446 2402 25
471 2364 510 2395 ἃν
527 2373 592 2395 om.
611 2362 642 2402 Q
656 2363 685 2393 D
698 2364 721 2394 S
739 2374 804 2403 mg.

1302 2416 1344 2448 9*
