1685 2772
196 137 327 192 xxx1x]
397 142 541 180 ΠΡΟΣ
581 141 830 179 ΒΟΙΩΤΟΝ
869 141 999 178 ΠΕΡι
1035 140 1148 178 TOT
1183 140 1494 178 ONOMATOE
1558 127 1685 183 [10012

198 252 354 291 παιδίου
389 250 441 302 μὴ
472 251 638 301 νομίζων
666 251 783 290 αὑτοῦ
813 250 971 291 δικαίως
1004 248 1116 295 εἶναι,
1144 249 1233 290 οὔτε
1263 247 1433 298 ποιήσας
1465 248 1526 287 καὶ

198 316 380 367 στέρξας,
409 317 459 358 ὡς
488 316 536 357 ἂν
566 317 650 356 υἱόν
683 333 743 358 τις
776 314 950 367 στέρξαι,
977 314 1103 356 πάλιν
1131 314 1293 366 ἔξαρνος
1328 315 1526 364 ἐτόλμησε

198 383 400 436 γενέσθαι.
470 383 559 423 οὐδὲ
591 384 664 435 γὰρ
692 383 730 424 εἴ
756 398 797 423 τι
831 387 879 438 τῇ
906 381 1022 433 μητρὶ
1051 381 1149 433 πρὸς
1180 381 1303 433 ὀργὴν
1330 381 1450 431 ἦλθεν
1481 387 1528 437 τῇ
1560 395 1604 429 23

197 451 358 495 τούτων,
390 450 553 491 τούτους
580 448 627 489 ἂν
657 450 802 500 ἐμίσει,
829 448 995 499 νομίζων
1027 449 1144 487 αὑτοῦ
1174 447 1285 488 εἶναι·
1325 448 1428 488 πολὺ
1451 449 1526 500 γὰρ

160 529 178 560 5
197 519 355 567 μᾶλλον
382 517 580 561 εἰώθασιν,
606 517 660 555 ὧν
684 514 734 556 ἂν
757 518 910 556 ἑαυτοῖς
929 517 1190 567 διενεχθῶσιν
1211 514 1308 565 ἀνὴρ
1330 515 1392 554 καὶ
1415 513 1526 566 γυνή,

198 585 260 623 διὰ
293 583 385 625 τοὺς
417 586 557 624 παῖδας
592 581 938 622 καταλλάττεσθαι
971 577 995 631 ἢ
1029 580 1078 620 δι’
1107 581 1155 621 ἂν
1189 583 1430 631 ἀδικηθῶσιν
1457 580 1528 633 ὑφ’

199 651 340 696 αὑτῶν,
366 650 456 692 τοὺς
483 649 634 691 κοινοὺς
660 652 802 692 παῖδας
826 651 924 700 πρὸς
945 652 1094 700 μισεῖν.
1166 649 1211 688 οὐ
1229 649 1361 688 τοίνυν
1382 649 1424 687 ἐκ
1442 648 1529 687 τού-

199 735 278 757 των
307 717 418 757 ἔστιν
451 719 547 758 ἰδεῖν
574 717 697 767 μόνον
721 717 785 758 ὅτι
816 715 1029 770 ψεύσεται,
1061 714 1170 755 ταῦτ’
1197 714 1247 756 ἂν
1278 714 1394 770 λέγῃ,
1421 715 1528 755 ἀλλὰ

200 786 288 837 πρὶν
325 784 511 835 ἡμέτερος
550 783 723 836 φάσκειν
766 782 964 836 συγγενὴς
1006 781 1118 829 εἶναι,
1162 783 1217 824 εἷς
1253 780 1528 822 Ἱπποθωντίδ’

142 870 180 890 10
200 853 340 903 ἐφοίτα
373 851 506 904 φυλὴν
535 852 590 892 εἰς
624 853 766 892 παῖδας
796 850 1016 904 χορεύσων.
1091 850 1218 890 καίτοι
1249 850 1309 891 τίς
1340 848 1389 890 ἂν
1420 849 1527 900 ὑμῶν
1560 860 1604 893 24

199 920 323 959 οἴεται
351 918 422 968 τὴν
451 917 599 968 μητέρα
632 917 790 969 πέμψαι
824 921 962 957 τοῦτον
1001 918 1055 959 εἰς
1090 916 1236 967 ταύτην
1271 915 1344 968 τὴν
1381 914 1526 969 φυλήν,

200 986 309 1026 δεινὰ
331 984 415 1036 μέν,
444 985 494 1026 ὥς
527 990 666 1037 φησιν,
694 983 770 1024 ὑπὸ
798 988 867 1024 τοῦ
905 983 1052 1035 πατρὸς
1081 987 1336 1031 πεπονθυῖαν,
1363 982 1530 1033 δεκάτην

201 1051 234 1092 δ’
259 1054 403 1092 εἰδυῖαν
428 1051 654 1102 πεποιηκότ’
682 1053 832 1091 ἐκεῖνον
867 1051 929 1091 καὶ
959 1050 1081 1092 πάλιν
1106 1050 1271 1103 ἔξαρνον
1297 1053 1410 1097 ὅντα;
1454 1050 1531 1102 ἐγὼ

200 1121 272 1170 μὲν
297 1118 421 1159 οὐδέν’
447 1117 495 1159 ἂν
522 1118 640 1169 οἶμαι.
714 1119 768 1159 εἷς
793 1120 868 1170 γὰρ
894 1118 965 1168 τὴν
990 1117 1244 1169 Ἀκαμαντίδ’
1271 1118 1414 1168 ὁμοίως
1439 1116 1531 1167 ἐξῆν

143 1205 179 1236 15
202 1203 269 1226 σοι
294 1188 451 1237 φοιτᾶν,
481 1185 542 1225 καὶ
568 1183 741 1238 ἐφαίνετ’
767 1183 814 1224 ἂν
841 1184 925 1224 οῧσ’
948 1185 1165 1226 ἀκόλουθος
1185 1184 1207 1234 ἡ
1229 1184 1335 1236 φυλὴ
1355 1190 1402 1240 τῇ
1422 1183 1532 1224 θέσει

200 1253 452 1303 τούνόματος.
524 1252 574 1293 ὡς
598 1252 729 1292 τοίνυν
755 1251 861 1291 ταῦτ’
883 1252 1010 1301 ἀληθῆ
1030 1251 1152 1303 λέγω,
1170 1251 1320 1291 τούτων
1338 1250 1534 1303 μάρτυρας

200 1320 290 1370 ὑμῖν
315 1318 405 1360 τοὺς
431 1323 734 1372 συμφοιτῶντας
761 1319 822 1358 καὶ
848 1318 938 1360 τοὺς
963 1318 1114 1359 εἰδότας
1140 1315 1368 1370 παρέξομαι.

759 1451 978 1480 ΜΑΡΤΤΡΕΣ.
1568 1432 1685 1487 [1002

268 1522 384 1562 Οὕτω
409 1521 541 1562 τοίνυν
567 1524 749 1573 φανερῶς
776 1522 882 1571 παρὰ
907 1519 975 1560 τὸν
1000 1521 1070 1569 τῆς
1101 1519 1219 1559 αὑτοῦ
1248 1519 1394 1571 μητρὸς
1418 1520 1535 1570 ὅρκον
1565 1530 1607 1566 25

143 1607 182 1628 20
204 1589 267 1628 καὶ
291 1589 363 1638 τὴν
387 1592 456 1628 τοῦ
482 1588 618 1628 δόντος
644 1588 774 1643 ἐκείνῃ
800 1590 869 1627 τὸν
895 1587 1013 1639 ὅρκον
1042 1584 1222 1636 εὐήθειαν
1244 1585 1402 1637 ’πατρὸς
1426 1602 1534 1625 τετυ-

202 1656 335 1709 χηκὼς
361 1655 423 1694 καὶ
443 1654 528 1694 ἀνθ’
548 1654 855 1695 Ἱπποθωντίδος
877 1655 919 1694 ἐν
939 1652 1196 1704 Ἀκαμαντίδι
1216 1657 1325 1709 φυλῇ
1348 1652 1535 1704 γεγονώς,

204 1722 272 1762 οὐκ
297 1722 430 1776 ἀγαπᾷ
457 1721 627 1762 Βοιωτὸς
653 1721 802 1766 οὑτοσί,
830 1721 937 1760 ἀλλὰ
973 1720 1035 1760 καὶ
1060 1720 1168 1761 δίκας
1195 1719 1282 1770 ἐμοὶ
1306 1718 1362 1759 δύ’
1387 1716 1409 1769 ἢ
1435 1722 1538 1769 τρεῖς

205 1790 367 1842 εἴληχεν
406 1787 590 1840 ἀργυρίου
629 1787 724 1839 πρὸς
765 1788 825 1829 αἶς
865 1787 926 1827 καὶ
962 1786 1155 1838 πρότερόν
1186 1785 1226 1837 μ’
1258 1785 1536 1838 ἐσυκοφάντει.

207 1856 330 1896 καίτοι
356 1854 506 1896 πάντας
530 1854 637 1905 οἶμαι
662 1853 768 1893 τοῦθ’
795 1855 894 1904 ὑμᾶς
920 1853 1074 1900 εἰδέναι,
1103 1854 1160 1894 τίς
1195 1852 1242 1903 ἣν
1265 1851 1535 1906 χρηματιστὴς

146 1940 183 1972 25
206 1923 226 1961 ὁ
251 1920 390 1973 πατήρ.
461 1922 539 1973 ἐγὼ
565 1921 596 1960 δ’
623 1920 730 1961 ἐάσω
762 1924 895 1960 ταῦτα.
967 1920 1060 1960 ἀλλ’
1087 1921 1120 1960 εἰ
1145 1919 1259 1961 δίκαι’
1285 1920 1488 1970 ὀμώμοκεν
1512 1919 1534 1968 ἡ
1567 1924 1611 1959 26

204 1988 331 2040 μήτηρ
354 1988 378 2039 ἡ
403 1988 563 2033 τούτων,
593 1987 651 2028 ἐπ’
678 1987 895 2041 αὐτοφώρῳ
917 1986 1173 2039 συκοφάντην
1194 1986 1425 2027 ἐπιδεικνύει
1448 1988 1534 2025 τοῦ-

205 2072 274 2095 τον
299 2059 383 2096 ταῖς
408 2056 532 2096 δίκαις
557 2054 728 2094 ταύταις.
802 2055 834 2094 εἰ
860 2055 934 2105 γὰρ
966 2055 1064 2094 οὕτω
1095 2053 1319 2106 δαπανηρὸς
1345 2052 1404 2104 ἧν,
1432 2053 1537 2092 ὥστε

250 2163 269 2191 4
295 2154 333 2184 ἂν
351 2152 374 2182 S
392 2164 398 2182 :
421 2152 454 2192 γ’
472 2153 510 2184 ἂν
528 2151 553 2181 F
566 2151 595 2189 Q
611 2163 618 2182 :
642 2152 705 2192 ’γὰρ
722 2161 738 2181 1·
860 2153 882 2181 6
906 2152 1192 2184 καταλλάττεσθαι
1213 2152 1236 2183 S
1254 2164 1261 2183 ε
1284 2151 1537 2184 διαλλάττεσθαι

206 2196 296 2234 vulg.
313 2200 347 2226 et
364 2195 397 2225 xl
416 2205 458 2234 29
476 2205 594 2225 omnes
714 2195 751 2226 ἃν
769 2194 906 2225 Bekker
921 2208 926 2226 :
952 2196 990 2227 ἂν
1007 2195 1031 2225 S
1047 2206 1055 2226 z
1080 2195 1099 2226 ἃ
1115 2197 1154 2227 ἂν
1170 2195 1256 2234 vulg.
1418 2205 1435 2234 7
1461 2195 1537 2236 πρὸς

206 2241 314 2278 μισεῖν
331 2238 512 2269 Schaefer:
539 2240 728 2279 προσμισεΐν
745 2237 835 2277 vulg.
944 2248 966 2276 9
989 2238 1109 2278 φάσκει
1125 2238 1148 2268 S
1255 2237 1471 2270 Ἱπποθωντίδ’
1490 2238 1514 2268 S
1529 2248 1537 2268 τ

210 2282 445 2314 Ἰπποθοωντίδ’
462 2282 552 2320 vulg.
733 2290 772 2310 12
796 2281 898 2321 δεινὰῙ
920 2281 998 2313 εἶναι
1017 2281 1055 2312 Sl
1171 2281 1326 2320 δεκάτην]
1345 2282 1495 2319 δεκαίτην
1512 2280 1536 2310 S

212 2335 249 2363 ¹5
263 2330 296 2355 et
312 2335 350 2364 17
367 2328 473 2365 φυτᾶν
489 2329 524 2354 et
541 2328 775 2365 συμφυτῶντας
793 2324 817 2354 S
907 2334 945 2354 21
973 2326 1024 2356 καὶ
1041 2335 1106 2355 om.
1122 2324 1173 2355 Sr
1254 2334 1296 2354 22
1320 2326 1371 2357 καὶ
1390 2335 1454 2355 om.
1470 2323 1535 2362 FQ

209 2368 257 2400 δύ’
276 2367 312 2408 ἢ]
331 2371 399 2406 δοιη
418 2367 457 2398 S1
546 2377 588 2406 25
613 2367 783 2407 ὠμώμοκεν
800 2367 824 2398 S
920 2369 964 2398 26
987 2376 1202 2409 συκοφαντειν
1220 2367 1258 2398 Sl
1350 2367 1537 2400 ἐπιδεικνύει

211 2411 233 2442 S
251 2417 331 2442 ante
349 2421 414 2443 ras.
434 2412 554 2452 (-νυσιν
572 2411 647 2442 sort.
668 2410 723 2452 Sl)
741 2423 748 2442 :
773 2413 969 2451 επιδεικνυμι
987 2411 1025 2452 (o-
1044 2411 1146 2452 sscr.)
1165 2411 1209 2442 F:
1235 2411 1428 2443 ἐπιδείκνυσι
1446 2410 1476 2448 Q

1392 2466 1452 2498 12*
