1685 2772
67 137 179 192 [822]

137 253 179 287 28

132 862 177 897 29

50 1359 172 1449 [8233

123 1789 164 1823 31

642 135 1142 174 ΔΗΜΟΣΘΕΝΟὙΣ
1405 129 1544 185 [xxvn

213 248 445 297 κεκομίσθαι
482 247 751 300 ὡμολόγηκεν.
832 247 959 287 καίτοι
995 250 1076 289 πῶς
1112 246 1157 287 οὐ
1197 247 1338 293 δεινόν,
1377 248 1410 288 εἰ
1451 248 1545 298 ἡμῖν

209 315 282 364 μὲν
307 313 404 365 πρὸς
428 318 480 369 τῷ
505 315 627 365 λῆμμ’
654 314 721 356 ἀπ’
749 315 878 355 αὐτῶν
901 316 1024 364 μηδὲν
1056 313 1264 366 γεγονέναι
1289 314 1351 354 καὶ
1375 314 1473 355 αὐτὰ
1497 316 1545 355 τὰ

209 380 433 422 ὑποτεθέντ’
463 382 688 428 ἀπόλωλεν,
720 382 756 422 οἳ
790 382 980 433 πρότερον
1019 380 1311 432 συνεβάλομεν,
1338 384 1391 435 τῷ
1429 381 1461 421 δ’
1488 383 1544 425 εἷς

210 449 258 487 τὰ
281 447 450 500 ἡμέτερα
474 450 701 489 δανείσαντι
727 449 789 489 καὶ
827 448 1005 503 τοσούτῳ
1038 449 1169 502 χρόνῳ
1199 446 1390 499 πράξαντι
1416 448 1478 488 καὶ
1505 450 1544 490 οἱ

209 515 317 554 τόκοι
342 516 404 555 καὶ
429 515 582 569 τάρχαῖ’
617 517 658 556 ἐκ
690 519 767 556 τῶν
797 514 998 567 ἡμετέρων
1029 514 1264 556 ἀποδέδοται
1297 515 1358 555 καὶ
1392 515 1542 567 οὐδεμί’
1563 529 1581 561 5

210 582 354 634 ἀπορία
400 581 582 634 γέγονεν;
637 583 742 623 ἀλλὰ
785 582 861 634 μὴν
905 583 954 623 ὡς
996 583 1125 632 ἀληθῆ
1166 581 1286 635 λέγω,
1329 584 1436 634 λαβὲ
1470 581 1543 633 τὴν

208 649 420 700 μαρτυρίαν
456 649 518 689 καὶ
554 649 766 702 ἀνάγνωθι.

766 763 976 790 ΜΑΡΤΥΡΙΑ.

276 834 492 888 Σκέψασθε
516 837 648 877 τοίνυν
672 837 772 876 ὅσον
797 837 983 889 ἀργύριον
1008 836 1115 877 οὗτοι
1149 838 1252 889 παρὰ
1282 837 1371 880 τοὺς
1406 843 1538 879 κλινο-

208 901 344 944 ποιοὺς
370 902 596 950 κλέπτουσι,
623 902 910 956 τετταράκοντα
933 905 1006 955 μὲν
1036 906 1134 954 μνᾶς
1169 903 1262 944 αὐτὸ
1287 904 1331 944 τὸ
1356 905 1536 958 ἀρχαῖον,
1561 923 1600 947 10

206 968 300 1009 δέκα
340 969 373 1009 δ’
413 971 510 1010 ε’τῶν
551 970 596 1010 τὸ
629 970 744 1023 ἔργον
783 970 909 1011 αὐτῶν
946 971 1013 1011 δύο
1050 970 1238 1011 τάλαντα·
1276 971 1425 1012 δώδεκα
1460 974 1536 1025 γὰρ

204 1038 302 1086 μνᾶς
327 1035 496 1077 ἑκάστου
521 1040 589 1077 τοῦ
615 1039 792 1078 ἐνιαυτοῦ
815 1037 884 1087 τὴν
911 1037 1110 1090 πρόσοδον
1136 1037 1262 1078 αὐτῶν
1287 1037 1534 1089 ἐλάμβανον.

205 1102 280 1154 ἆρα
307 1104 446 1155 μικρόν
478 1121 516 1144 τι
549 1105 611 1144 καὶ
646 1103 693 1155 ἐξ
719 1105 896 1157 ἀφανοῦς
930 1107 1052 1145 ποθεν
1089 1104 1149 1144 καὶ
1180 1107 1535 1158 παραλογίσασθαι

203 1167 351 1224 ῥᾴδιον,
379 1170 470 1210 ἀλλ’
496 1171 540 1211 οὐ
569 1175 750 1224 φανερῶς
782 1172 927 1212 οὑτωσὶ
957 1175 1095 1222 μικροῦ
1127 1174 1210 1213 δεῖν
1239 1173 1326 1225 τρία
1358 1171 1535 1213 τάλαντα

190 1236 310 1276 ταῦτ’
346 1237 639 1289 ἀνηρπάκασιν;
689 1240 744 1278 ὧν
781 1239 889 1294 κοινῇ
929 1239 1282 1291 διαπεφορημένων
1318 1238 1363 1280 τὸ
1401 1240 1534 1292 τρίτον
1557 1257 1594 1290 15

203 1302 327 1353 δήπου
349 1306 465 1356 μέρος
489 1307 594 1357 παρὰ
617 1305 756 1346 τούτου
779 1322 844 1356 μοι
869 1304 1062 1357 προσήκει
1087 1307 1329 1357 κεκομίσθαι.

271 1371 346 1410 Καὶ
377 1370 467 1421 μήν,
496 1370 525 1412 ὦ
550 1371 687 1424 ἄνδρες
717 1373 913 1418 δικασταί,
935 1372 997 1412 καὶ
1021 1374 1070 1412 τὰ
1095 1373 1183 1425 περὶ
1216 1376 1284 1413 τοῦ
1310 1372 1531 1426 ἐλέφαντος

202 1436 263 1476 καὶ
290 1436 453 1489 σιδήρου
487 1442 555 1478 τοῦ
592 1439 926 1491 καταλειφθέντος
965 1439 1226 1492 παραπλήσιά
1259 1457 1340 1482 πως
1379 1441 1532 1483 τούτοις

199 1502 478 1554 πεποιήκασιν·
517 1505 604 1546 οὐδὲ
629 1507 705 1557 γὰρ
730 1505 836 1546 ταῦτ’
862 1507 1169 1559 ἀποφαίνουσιν.
1243 1508 1366 1547 καίτοι
1392 1524 1528 1556 κεκτη-

197 1568 317 1621 μένον
352 1573 425 1621 μὲν
458 1572 672 1614 τοσούτους
706 1573 968 1619 κλινοποιούς,
1008 1572 1243 1624 κεκτημένον
1273 1576 1314 1614 δὲ
1342 1591 1529 1627 μαχαιρο-
1551 1590 1591 1613 20

198 1637 332 1679 ποιοὺς
374 1638 447 1691 οὐχ
489 1639 571 1679 οἶόν
612 1656 655 1680 τε
697 1640 748 1690 μὴ
792 1639 879 1693 οὐχὶ
920 1641 981 1680 καὶ
1025 1640 1185 1693 σίδηρον
1227 1640 1288 1680 καὶ
1326 1640 1530 1693 ἐλέφαντα

199 1708 442 1750 καταλιπεῖν,
486 1705 578 1746 ἀλλ’
620 1706 770 1758 ἀνάγκη
810 1706 932 1747 ταῦτά
968 1706 1005 1759 γ’
1041 1706 1247 1760 ὑπάρχειν·
1290 1709 1330 1748 τί
1361 1709 1436 1761 γὰρ
1478 1708 1529 1750 ἂν

198 1770 413 1823 ἠργάζοντο
455 1772 602 1813 τούτων
642 1773 694 1824 μὴ
733 1772 1012 1827 ὑπαρξάντων;
1055 1778 1122 1814 τὸν
1163 1774 1296 1814 τοίνυν
1337 1774 1462 1815 πλέον
1502 1771 1526 1826 ἢ

197 1837 426 1888 πεντήκοντ’
452 1839 678 1892 ἀνδράποδα
703 1840 942 1891 κεκτημένον
973 1841 1035 1881 καὶ
1069 1844 1176 1881 δυοῖν
1205 1839 1366 1894 τέχναιν
1391 1843 1527 1893 ἐπιμε-

196 1904 403 1955 λούμενον,
436 1906 489 1946 ὧν
525 1905 688 1959 θάτερον
726 1906 987 1959 ἐργαστήριον
1025 1908 1079 1948 εἰς
1112 1909 1180 1949 τὰς
1215 1909 1351 1949 κλίνας
1383 1909 1526 1962 ῥᾳδίως
1548 1923 1586 1957 25

198 1970 264 2011 δύο
288 1974 387 2023 μνᾶς
419 1976 486 2012 τοῦ
516 1974 639 2024 μηνὸς
676 1973 894 2024 ἀνήλισκεν
925 1973 1157 2027 ἐλέφαντος,
1185 1977 1228 2014 τὸ
1261 1976 1303 2015 δὲ
1330 1991 1521 2028 μαχαιρο-

197 2042 348 2079 ποιεῖον
373 2038 441 2079 οὐκ
465 2039 632 2081 ἔλαττον
662 2038 685 2091 ἢ
712 2044 903 2081 τοσοῦτον
935 2041 1068 2092 ἕτερον
1095 2040 1170 2080 σὺν
1197 2039 1358 2095 σιδήρῳ,
1386 2045 1525 2082 τοῦτον

238 2158 258 2179 2
281 2150 342 2190 τῷ]
361 2152 400 2182 τὸ
418 2150 453 2181 S¹
467 2149 498 2180 A
511 2151 556 2182 F:
580 2165 625 2183 τω
643 2151 667 2182 S
685 2161 770 2183 corr.
892 2155 1004 2192 λῆμμα
1020 2166 1052 2184 τι
1069 2151 1101 2182 Α
1113 2152 1137 2183 S
1153 2162 1238 2184 corr.
1260 2152 1347 2193 (sine
1364 2158 1520 2191 accentu)

193 2193 379 2234 γεγονέναι]
402 2208 432 2226 αι
450 2194 482 2224 in
501 2195 525 2225 S
543 2205 562 2225 a
579 2205 620 2226 m.
641 2200 709 2227 ant.
729 2200 854 2234 puncto
867 2201 1018 2226 notatum
1187 2205 1208 2234 3
1233 2197 1480 2236 συνεβάλλομεν
1496 2196 1522 2228 S

193 2246 212 2274 4
226 2241 300 2275 post
315 2237 503 2279 χρόνῳειάἀ.
520 2241 655 2279 ὕστερον
665 2239 755 2277 vulg.
774 2238 798 2269 S
811 2248 852 2269 m.
869 2249 946 2279 rec„
962 2241 1038 2279 ὑπερ
1048 2249 1064 2269 r
1078 2240 1136 2279 (ex
1148 2239 1252 2279 b‘wrep*
1266 2239 1521 2279 depravatum):

193 2289 256 2311 om.
278 2279 316 2311 Sl
430 2291 449 2320 5
477 2281 708 2314 ἀποδέδοταιΑ
727 2293 732 2311 :
759 2282 966 2314 ἀποδέδονται
983 2283 1072 2322 vulg.
1202 2293 1240 2321 14
1265 2284 1312 2315 δεῖ
1331 2282 1380 2322 8¹,
1393 2283 1432 2314 cf.
1451 2286 1520 2321 §24

193 2333 229 2352 21
251 2325 294 2362 μὴ
312 2326 346 2355 οὐ
364 2323 395 2354 Α
527 2335 568 2363 23
591 2324 769 2366 ἠργάζοντο
787 2325 811 2356 S
827 2337 833 2355 :
858 2325 1042 2366 εἰργάζοντο
1058 2325 1147 2364 vulg.
1251 2325 1353 2358 πλέον
1369 2337 1436 2358 om.
1459 2326 1495 2357 S¹
1512 2339 1519 2358 :

192 2369 287 2398 πλεῖν
313 2367 462 2398 Dindorf
676 2378 717 2407 24
744 2369 1013 2410 ἐπιμελούμενον]
1037 2377 1139 2410 μελου
1168 2378 1252 2400 sscr.
1279 2380 1298 2400 a
1325 2380 1366 2401 m.
1398 2375 1466 2401 ant.
1495 2369 1519 2401 S

192 2412 233 2440 26
248 2414 489 2452 μαχαιροποιεῖν
510 2411 547 2442 S¹
563 2412 589 2442 F
