1685 2772
662 538 893 581 XXXVII

234 670 612 714 ΠΑΡΑΓΡΑΦΗ
664 665 827 714 ΠΡΟΣ
865 669 1316 712 ΠΑΝΤΑΙΝΕΤΟΝ

667 802 884 832 ῪΠΟΘΕΣῙΣ.

166 876 412 916 Πανταίνετος
440 877 540 925 παρὰ
566 877 791 927 Τηλεμάχου
817 876 914 916 τινὸς
941 876 1188 927 ἐργαστήριον
1216 876 1444 925 μεταλλικὸν

111 934 148 969 ἐν
178 931 375 981 Μαρωνείᾳ
394 928 524 979 (τόπος
552 929 582 968 δ’
602 930 707 970 οὗτος
730 933 795 979 τῆς
821 929 1008 982 Ἀττικῆς)
1037 930 1097 967 καὶ
1123 931 1218 980 μετὰ
1245 933 1310 968 τοῦ
1337 934 1442 982 ε’ργα-

111 985 266 1034 στηρίου
298 985 495 1033 τριάκοντα
526 985 591 1022 τὸν
623 984 779 1033 ἀριθμὸν
817 985 960 1024 οἰκέτας
993 985 1206 1034 ὠνούμενος,
1244 984 1444 1032 δανείζεται

111 1040 212 1088 παρὰ
231 1040 298 1089 μὲν
311 1039 573 1088 Μνησικλέους
584 1039 779 1083 τάλαντον,
793 1055 893 1088 παρα
913 1039 952 1076 δὲ
972 1039 1109 1076 Φιλέου
1130 1039 1190 1076 καὶ
1210 1040 1444 1088 Πλείστορος

75 1109 91 1141 5
111 1093 218 1131 πέντε
243 1093 302 1130 καὶ
324 1093 594 1142 τετταράκοντα
619 1095 721 1142 μνᾶς.
781 1093 841 1130 καὶ
866 1093 911 1142 ἦν
939 1092 1078 1141 ὧνητης
1106 1094 1403 1144 ἐγγεγραμμένος
1423 1095 1442 1131 5

113 1149 349 1196 Μνησικλῆς,
372 1147 432 1184 καὶ
450 1148 515 1186 τὰς
535 1148 627 1187 ὠνὰς
648 1146 744 1197 εἶχεν
771 1147 889 1186 αὐτός
950 1147 1107 1196 ὕστερον
1128 1147 1158 1185 δ’
1178 1149 1444 1197 ἀπαιτούμενος

111 1202 154 1240 τὸ
175 1202 347 1253 ἀργύριον
367 1202 386 1239 ὁ
407 1201 655 1241 Πανταίνετος
681 1201 867 1250 δευτέρους
887 1201 1079 1250 λαμβάνει
1105 1201 1297 1242 δανειστὰς
1321 1202 1385 1240 τόν
1403 1219 1443 1240 τε

112 1255 452 1307 παραγραφόμενον
476 1258 539 1293 νῦν
564 1255 805 1304 Νικόβουλον
833 1255 892 1292 καὶ
920 1256 1086 1307 Εὕεργόν
1108 1273 1199 1304 τινα,
1223 1257 1283 1294 καὶ
1301 1257 1443 1296 τούτοις

112 1310 302 1359 ὑποθήκην
316 1309 444 1348 δίδωσι
455 1310 498 1347 τὸ
514 1310 759 1361 ἐργαστήριον
774 1309 833 1347 καὶ
853 1311 898 1347 τὰ
920 1309 1143 1359 ἀνδράποδα.
1191 1314 1441 1363 γραμματεῖον

57 1380 95 1402 10
114 1363 143 1402 δ’
162 1365 231 1415 οὐχ
255 1364 455 1413 ὑποθήκης,
477 1366 579 1402 ἀλλὰ
603 1365 773 1413 πράσεως
799 1364 995 1415 γράφεται.
1055 1365 1115 1403 καὶ
1136 1365 1275 1417 γίνεται
1297 1366 1442 1415 πρατὴρ

115 1419 173 1456 καὶ
192 1419 406 1467 βεβαιωτὴς
425 1420 500 1458 τοῖς
520 1418 697 1466 δευτέροις
718 1418 926 1458 δανεισταῖς
951 1420 971 1457 ὁ
997 1420 1172 1469 πρότερος
1192 1419 1402 1459 δεδανεικὼς
1422 1421 1442 1457 5

114 1475 350 1522 Μνησικλῆς,
372 1474 392 1511 5
411 1473 476 1512 τὰς
502 1473 593 1512 ὠνὰς
620 1473 722 1523 ἔχων.
786 1473 845 1510 καὶ
872 1473 1054 1522 μισθοῦσι
1073 1477 1122 1525 τῷ
1143 1475 1377 1525 Πανταινέτῳ
1397 1475 1442 1512 τά

114 1526 145 1565 τ’
167 1528 378 1578 ἀνδράποδα
398 1527 458 1565 καὶ
476 1527 520 1565 τὸ
546 1527 790 1578 ἐργαστήριον
816 1528 978 1579 Εὔεργος
1005 1529 1064 1566 καὶ
1085 1530 1104 1567 5
1124 1529 1376 1577 Νικόβουλος,
1397 1530 1443 1568 ὡς

115 1582 293 1621 δεσπόται
315 1582 423 1632 δῆθεν
449 1581 641 1634 γεγονότες
668 1582 789 1620 αὐτοῦ.
854 1582 1036 1620 τοσούτου
1061 1583 1099 1620 δὲ
1124 1583 1326 1632 μισθοῦσιν
1352 1583 1443 1620 ὅσον

60 1655 95 1686 15
114 1638 156 1675 τὸ
186 1638 326 1676 δάνειον
355 1637 464 1675 τόκον
495 1637 619 1675 ἐποίει.
680 1636 954 1675 ἐδεδανείκεσαν
982 1638 1049 1687 μὲν
1076 1639 1148 1688 γὰρ
1178 1638 1306 1675 ἑκατὸν
1335 1638 1443 1675 πέντε

114 1695 216 1741 μνᾶς,
240 1691 312 1730 ἔδει
340 1691 379 1730 δὲ
409 1691 500 1728 κατὰ
527 1694 623 1740 μνᾶν
650 1691 759 1729 τόκον
788 1691 878 1729 εἶναι
906 1691 1084 1742 δραχμήν.
1143 1692 1271 1729 ἑκατὸν
1293 1691 1357 1729 οὖν
1382 1692 1443 1729 καὶ

115 1747 222 1784 πέντε
242 1746 409 1797 δραχμὰς
434 1745 644 1794 λαμβάνειν
668 1746 875 1784 συνέθεντο·
908 1747 967 1783 καὶ
990 1746 1035 1795 ἦν
1058 1748 1166 1784 τοῦτο
1190 1750 1240 1797 τῷ
1259 1748 1327 1795 μὲν
1348 1747 1442 1798 ἔργῳ

114 1800 232 1844 τόκος,
271 1803 321 1851 τῷ
359 1799 388 1838 δ’
427 1799 578 1849 ὀνόματι
613 1800 810 1849 μίσθωσις.
871 1800 1008 1839 τούτων
1045 1800 1281 1851 πραχθέντων
1318 1801 1337 1838 ὃ
1373 1802 1442 1849 μὲν

116 1855 356 1903 Νικόβουλος
395 1854 623 1903 ἀπεδήμησε,
659 1855 761 1903 παρὰ
800 1854 838 1892 δὲ
876 1855 944 1903 τὴν
982 1856 1167 1893 ἀπουσίαν
1199 1855 1265 1903 τὴν
1304 1855 1441 1892 ἐκείνου

59 1927 97 1948 20
115 1906 298 1958 Ἀθήνησι
318 1908 404 1946 τάδε
423 1908 596 1960 γίγνεται.
656 1909 675 1945 5
695 1909 856 1960 Εὔεργος
876 1910 896 1946 5
917 1910 1086 1950 κοινωνὸς
1104 1911 1168 1947 τοῦ
1188 1909 1439 1958 δανείσματος,

117 1963 326 2012 αἰτιώμενος
351 1963 416 2000 τὸν
442 1962 690 2000 Πανταίνετον
713 1964 759 2002 ὡς
785 1962 889 2001 οὐδὲν
907 1966 978 2001 τῶν
998 1964 1247 2015 συγκειμένων
1267 1963 1442 2001 ἐθέλοντα

116 2019 244 2062 ποιεῖν,
262 2016 380 2054 ἐλθὼν
400 2016 459 2054 ἐπὶ
477 2017 520 2054 τὸ
541 2017 784 2068 ἐργαστήριον
797 2019 963 2068 κατεῖχεν
983 2019 1105 2063 αὐτοῦ,
1126 2019 1185 2056 καὶ
1206 2019 1250 2067 δὴ
1271 2017 1442 2068 ἀργύριον

117 2071 288 2118 φυλάξας
304 2074 342 2108 ἐκ
362 2073 432 2108 τῶν
446 2071 644 2120 μετάλλων
664 2072 898 2121 Πανταινέτῳ
915 2072 1163 2121 κομιζόμενον,
1180 2073 1270 2122 ὅπερ
1286 2073 1442 2121 ἔμελλεν

119 2126 167 2164 εἷς
197 2125 239 2162 τὸ
269 2125 450 2174 δημόσιον
484 2125 749 2173 καταβάλλειν,
786 2126 964 2173 ἀφείλετο
994 2126 1059 2163 τὸν
1092 2125 1275 2176 κομίζοντ’
1299 2126 1443 2174 οἰκέτην

62 2190 98 2223 25
117 2179 199 2229 βίᾳ·
228 2180 325 2227 παρὸ
355 2179 415 2216 καὶ
439 2178 574 2227 διπλῆν
602 2180 650 2218 εἷς
675 2179 718 2217 τὸ
745 2178 925 2228 δημόσιον
953 2180 1172 2229 κατέβαλεν,
1197 2183 1243 2221 ὡς
1271 2181 1354 2229 ἔφη,
1376 2181 1444 2229 τὴν

119 2233 336 2282 καταβολὴν
375 2234 393 2270 ὀ
432 2233 688 2277 Πανταίνετος,
727 2235 791 2282 τῆς
828 2235 1094 2283 προσηκούσης
1131 2235 1362 2284 προθεσμίας
1399 2233 1444 2272 δι’

162 2334 406 2375 Argumentum
423 2345 442 2365 a
459 2345 559 2366 manu
576 2335 700 2366 saeculi
719 2336 776 2365 xiv
793 2336 893 2367 habet
912 2336 936 2367 S
1053 2348 1072 2375 4
1097 2337 1212 2369 Φιλέου
1230 2337 1259 2368 D
1274 2348 1281 2367 ε
1305 2337 1441 2370 Φιλέτου

119 2379 207 2418 vulg.
321 2388 358 2418 13
382 2380 419 2410 τὸ
437 2389 499 2409 om.
520 2378 580 2408 FS
694 2380 734 2409 16
757 2378 812 2410 οὖν
828 2379 905 2411 Ald.
921 2393 928 2411 :
953 2389 1019 2411 om.
1039 2380 1064 2410 F
1078 2380 1108 2410 D
1123 2381 1148 2412 S
1260 2391 1302 2411 22
1327 2381 1439 2423 αὐτοῦ]

119 2422 198 2454 αὐτό
215 2422 239 2453 S
329 2423 380 2454 καὶ
397 2423 435 2460 δὴ
452 2421 545 2464 (καὶ)
563 2422 710 2465 ἀργύριον
724 2427 823 2459 Blass

1476 1473 1601 1530 [964]
