1685 2772
692 391 829 431 XXX

299 520 461 569 ΠΡΟΣ
508 525 802 567 ΟΝΗΤΟΡΑ
851 520 1142 569 ΕΞΟΤΛΗΣ
1189 525 1229 566 Α

657 657 874 687 ΤΠΟΘΕΣῙΣ

147 738 336 790 Ἀφοβος,
373 740 580 790 μέλλοντος
614 741 709 790 αὐτῷ
744 739 1010 789 Δημοσθένους
1043 741 1107 779 τὰς
1140 741 1205 788 τῆς
1237 741 1435 788 ἐπιτροπῆς

101 794 201 835 δικας
231 795 446 847 λαγχάνειν,
483 795 619 846 ἔγημεν
655 793 745 832 01
713 811 853 843 ητορος
879 794 1049 842 ἀδελφὴν
1085 793 1300 831 ἐκδοθεῖσαν
1339 795 1435 844 αὐτῷ

100 851 202 899 παρὰ
216 850 468 899 Τιμοκράτους
486 852 551 887 τοῦ
572 849 751 898 προτέρου
772 848 913 897 ἀνδρός,
936 848 1097 896 ἐπειδη’
1081 850 1214 886 εκεῖνος
1235 848 1436 897 ἐπίκληρον

101 904 313 952 λαμβάνειν
350 904 497 952 εμελλε.
557 904 650 952 μετὰ
687 903 726 940 δὲ
762 901 864 940 ταῦτ’
904 900 1080 951 Ὀνήτωρ,
1122 901 1192 950 ἤδη
1233 902 1436 952 φεύγοντος

63 973 78 1004 5
99 956 278 1006 Ἀφόβου
310 958 377 1006 τὴν
410 959 474 1005 τῆς
506 958 704 1007 ἐπιτροπῆς
743 956 857 1006 δίκην,
888 958 934 996 ὡς
973 958 992 994 ὁ
1032 956 1153 1005 ῥήτωρ
1188 956 1434 1001 ἀποδείκνυσι,

101 1012 343 1059 πλασάμενος
381 1012 578 1061 ἀπόλειψιν
615 1011 684 1059 τὴν
728 1010 898 1060 ἀδελφὴν
940 1009 1025 1059 παρ’
1065 1011 1194 1049 ἑαυτὸν
1232 1012 1433 1064 ἀπήγαγεν.

103 1066 182 1103 ἐπεὶ
202 1065 231 1103 δ’
244 1064 424 1114 ”Αφοβος
444 1067 553 1110 ἑάλω,
572 1066 632 1103 ἐπὶ
654 1065 722 1114 τὴν
748 1066 879 1104 οὐσίαν
906 1067 1019 1103 αὐτοῦ
1040 1066 1104 1103 τὸν
1123 1066 1245 1115 ῥήτορ’
1262 1066 1436 1114 ἀφικνού-

103 1137 212 1170 μενον
238 1120 297 1157 καὶ
321 1122 370 1160 εἷς
395 1121 441 1158 τὰ
469 1119 575 1171 χωρί’
597 1118 743 1158 εἰσιόντ’
768 1120 956 1169 ἐξήλασεν
982 1119 1157 1170 Ὀνήτωρ,
1186 1121 1344 1169 φάσκων
1371 1123 1437 1169 τῆς

103 1175 271 1224 ἀδελφῆς
299 1174 391 1212 εἶναι
418 1176 466 1212 τὰ
492 1175 620 1225 χωρία,
642 1176 691 1214 εἷς
719 1174 787 1223 τὴν
814 1173 935 1224 προῖκ’
967 1175 1252 1224 ἀποτιμηθέντα.
1311 1175 1436 1224 διόπερ

46 1248 85 1270 10
104 1230 258 1278 ἐξούλης
295 1230 392 1279 αὐτῷ
431 1229 613 1275 δικάζεται
648 1230 667 1266 ὁ
703 1228 966 1279 Δημοσθένης,
1003 1232 1050 1270 ὡς
1085 1233 1124 1267 ἐκ
1157 1233 1229 1268 τῶν
1261 1229 1437 1278 Ἀφόβου

102 1284 292 1333 πρότερον,
313 1285 376 1321 νῦν
401 1282 433 1321 δ’
451 1286 565 1334 ἑαυτῷ
591 1285 845 1335 γεγενημένων
877 1285 1161 1334 ἐξεληλαμένος,
1189 1285 1346 1332 φάσκων
1372 1286 1437 1322 οὐκ

105 1338 298 1387 εἰληφέναι
330 1337 398 1386 τὴν
429 1338 548 1387 προῖκ’
570 1336 763 1388 ”Αφοβον,
797 1340 900 1377 ἀλλὰ
928 1340 997 1389 τὴν
1024 1341 1178 1391 γυναῖκα
1205 1339 1330 1389 μόνον·
1370 1338 1438 1386 τὴν

103 1394 177 1444 γὰρ
201 1394 336 1442 προῖκα
360 1391 413 1442 μὴ
438 1392 675 1442 βουληθῆναι
701 1391 885 1444 Ὀνήτορα
913 1394 1047 1439 δοῦναι,
1069 1394 1160 1432 διότι
1187 1393 1438 1432 κινδυνεύοντα

104 1447 168 1485 τὸν
181 1445 396 1496 ”Αφοβον“
381 1447 474 1497 εώρα
495 1447 555 1485 καὶ
572 1448 641 1496 τὴν
662 1449 794 1518 οῷῧσιαν
814 1451 936 1487 αὐτοῦ.
993 1452 1057 1487 νῦν
1072 1465 1145 1493 ουν,
1160 1448 1270 1498 φησι,
1283 1448 1438 1496 πλαστὴ

48 1522 85 1555 15
105 1503 172 1551 μὲν
194 1503 218 1551 ἡ
248 1501 455 1552 ἀπόλειψις,
485 1503 576 1552 ὑπὲρ
607 1501 636 1540 δ’
667 1503 716 1541 ὧν
741 1506 806 1541 οὐκ
836 1504 992 1553 ειληφεν
1014 1502 1202 1571 ”Αφοβος,
1232 1503 1274 1541 τὸ
1305 1503 1440 1553 χωρίον

107 1557 371 1606 ἀποτετίμηται
403 1556 457 1594 ἐπ’
488 1559 743 1607 ἀποστερήσει
777 1562 850 1596 τῶν
884 1561 989 1608 ἐμῶν.
1046 1559 1088 1596 τὸ
1123 1557 1160 1595 δὲ
1192 1559 1256 1606 τῆς
1287 1557 1440 1605 ἐξούλης

107 1611 223 1661 ὄνομα
253 1610 434 1650 Αττικόν·
480 1613 644 1658 ἐξιλλειν
682 1614 755 1664 γὰρ
790 1614 921 1664 έλεγον
950 1613 992 1651 τὸ
1027 1611 1173 1656 ἐξωθεῖν
1207 1629 1266 1649 και
1300 1612 1439 1661 ἐκβάλ-

107 1668 187 1704 λειν
213 1666 295 1717 βίᾳ.

176 1779 276 1830 Περὶ
309 1783 463 1819 πολλοῦ
495 1780 740 1831 ποιούμενος,
771 1777 800 1819 ὦ
830 1779 968 1831 ἄνδρες
998 1779 1191 1825 δικασταί,
1218 1776 1314 1829 μήτε
1343 1777 1439 1830 πρὸς

50 1864 90 1886 20
103 1844 294 1897 ’Ἄφοβόν
326 1863 394 1896 μοι
426 1849 630 1898 συμβῆναι
661 1847 732 1898 τὴν
765 1846 981 1899 γενομένην
1016 1847 1210 1898 διαφορὰν
1242 1844 1337 1895 μήτε
1370 1844 1441 1894 τὴν

110 1916 177 1953 νῦν
216 1913 340 1952 οὖσαν
381 1913 477 1965 πρὸς
513 1913 710 1966 Ὀνήτορα
750 1915 916 1959 τουτονί,
962 1912 1155 1963 κηδεστὴν
1194 1911 1272 1952 ὅντ’
1311 1911 1439 1957 αὐτοῦ,

110 1980 245 2019 πολλὰ
271 1980 332 2019 καὶ
358 1981 487 2020 δίκαια
512 1980 862 2032 προκαλεσάμενος
887 1979 1146 2033 ἀμφοτέρους,
1174 1978 1329 2019 οὐδενὸς
1355 1980 1439 2018 ἐδυ-

111 2044 234 2096 νήθην
258 2051 391 2100 τυχεῖν
417 2051 495 2087 τῶν
513 2048 694 2099 μετρίων,
723 2047 814 2088 ἀλλ’
832 2048 979 2099 ηὕρηκα
1004 2047 1106 2087 πολὺ
1131 2050 1268 2086 τοῦτον
1293 2047 1443 2086 ἐκείνου

155 2155 287 2186 Titulus
309 2156 451 2188 debebat
475 2167 552 2188 esse
578 2156 655 2189 Κατ’
677 2156 848 2198 Ὀνήτορος
869 2156 999 2197 ἐξούλης
1021 2159 1060 2190 α’.
1099 2156 1147 2188 sic
1170 2156 1200 2187 D
1222 2158 1316 2196 (post
1333 2154 1443 2194 Argu-

112 2200 289 2237 mentum),
310 2199 489 2240 Harpocr.,
507 2200 675 2231 Caecilius
692 2200 816 2230 Calact.
835 2200 873 2230 fr.
896 2201 956 2239 164
1103 2210 1122 2239 3
1147 2202 1231 2241 παρὰ
1248 2200 1347 2230 Blass
1367 2198 1442 2230 coll.

113 2244 130 2278 §
152 2252 187 2272 11
203 2254 208 2272 :
235 2244 293 2274 ὑπὸ
310 2244 405 2275 codd.
510 2245 531 2273 6
551 2243 722 2285 ἀπόλειψιν
740 2244 769 2273 D
789 2242 916 2284 (Wolf)
932 2256 939 2275 τ
965 2244 1151 2282 ἀπολείψειν
1169 2244 1256 2283 vulg.
1341 2244 1443 2283 ἑαυτῷ

114 2284 182 2315 FD
198 2285 275 2317 Ald.
292 2297 298 2315 :
324 2297 409 2319 corr.
429 2286 539 2318 Morel
740 2288 843 2318 16-18
865 2288 904 2318 τὸ
922 2310 930 2318 .
949 2311 956 2319 .
975 2311 981 2318 .
1000 2287 1055 2328 βίᾳ
1072 2287 1104 2316 in
1124 2288 1277 2326 margine
1297 2286 1444 2324 λιβάνιος

113 2328 284 2368 adscripto
315 2330 429 2361 citavit
452 2341 526 2362 exc.
550 2330 623 2361 cod.
649 2329 837 2361 Darmstad.
860 2340 944 2369 2773
969 2330 1024 2361 sol.
1046 2331 1126 2369 369v
1144 2331 1247 2370 (teste
1270 2329 1441 2370 Foerster)

116 2372 156 2401 16
179 2371 214 2403 δὲ
229 2374 288 2410 τῆς
306 2384 372 2404 om.
392 2373 538 2405 Darmst.
735 2384 772 2413 17
801 2373 940 2414 ἐξίλλειν
958 2372 1104 2404 Darmst.
1126 2384 1174 2413 pr.
1194 2384 1236 2405 m.
1260 2384 1267 2404 :
1286 2373 1443 2415 ἐξείλλειν

114 2414 258 2445 Darmst.
277 2427 362 2448 corr.
381 2428 389 2448 ι
408 2417 552 2458 ἐξέλλειν
570 2417 595 2448 F
607 2416 636 2447 D

182 2481 270 2503 nme
1334 2473 1357 2504 4

1466 740 1582 795 [863]

1472 1784 1589 1838 [864]
