1685 2772
77 511 96 544 5

57 849 96 871 10

54 1241 91 1274 Ι5

51 1575 91 1598 20

123 124 260 171 xxvu]
532 120 662 160 KAT’
711 123 968 161 ΑΦΟΒΟΤ
1015 123 1049 161 Α

121 231 185 272 ἵνα
208 234 316 273 δυοῖν
340 231 506 284 θάτερον
530 231 797 285 διαπράξαιτο,
826 230 848 284 ἢ
881 235 944 274 διὰ
972 236 1020 274 τὰ
1049 236 1234 286 διδόμενα
1263 239 1451 286 βελτίους

120 297 260 341 αὐτοὺς
284 298 383 340 εἶναι
407 301 455 339 τὰ
479 300 568 351 περὶ
592 299 664 350 τὴν
690 300 908 353 ἐπιτροπὴν
934 301 1210 355 προτρέψειεν.
1232 299 1255 352 ἢ
1282 304 1314 343 εἰ
1341 303 1452 343 κακοὶ

117 367 332 418 γίγνοιντο,
370 369 560 417 μηδεμιᾶς
597 368 836 419 συγγνώμης
871 367 960 420 παρ’
997 370 1103 420 ὑμῶν
1132 369 1382 423 τυγχάνοιεν,
1419 371 1452 410 εἰ

117 432 320 473 τοσούτων
345 431 576 483 ἀξιωθέντες
601 434 748 474 τοιαῦτ’
766 436 820 476 εἰς
847 435 948 486 ἡμᾶς
969 435 1290 488 ἐξαμαρτάνοιεν.
1339 437 1452 479 οὗτος

117 499 248 540 τοίνυν
273 499 337 540 καὶ
362 499 476 542 αὐτὸς
502 500 599 552 πρὸς
623 502 668 557 τῇ
697 501 828 552 προικὶ
855 502 918 542 καὶ
950 504 1188 554 θεραπαίνας
1219 504 1362 554 λαβὼν
1389 504 1451 544 καὶ

116 565 188 616 τὴν
212 567 339 607 οἰκίαν
364 568 494 614 οἰκῶν,
523 567 655 618 ἐπειδὴ
683 570 746 609 δεῖ
767 569 893 621 λόγον
920 569 1037 610 αὐτὸν
1056 573 1190 610 δοῦναι
1213 570 1374 615 τούτων,
1402 572 1450 611 τὰ

117 635 256 674 ἑαυτοῦ
292 633 478 686 πράττειν
516 635 655 686 φησίν·
710 635 771 676 καὶ
812 637 866 677 εἷς
909 640 1100 677 τοσοῦτον
1147 638 1449 690 αἰσχροκερδίας

115 699 250 750 ἦλθεν,
277 701 382 741 ὥστε
408 701 470 741 καὶ
495 702 584 743 τοὺς
605 704 869 745 διδασκάλους
889 703 980 746 τοὺς
993 704 1161 754 μισθοὺς
1181 704 1449 757 ἀπεστέρηκεν

116 767 178 808 καὶ
202 771 281 808 τῶν
306 769 507 820 εἰσφορῶν
533 769 645 809 ἔστιν
669 770 714 811 ἃς
740 770 785 810 οὐ
816 770 1041 821 κατέθηκεν,
1061 772 1147 822 ἐμοὶ
1167 773 1209 812 δὲ
1232 772 1445 823 λογίζεται.

114 837 221 886 λαβὲ
246 834 291 886 δὴ
317 835 378 875 καὶ
403 835 543 878 ταύτας
569 836 701 878 αὐτοῖς
728 838 798 878 τὰς
820 838 1032 889 μαρτυρίας
1057 838 1120 878 καὶ
1145 837 1357 891 ἀνάγνωθι.

668 957 897 984 ΜΑΡΤΎΡῙΑῘ.

182 1032 275 1071 Πῶς
295 1029 362 1070 οὖν
380 1029 428 1070 ἄν
446 1045 502 1070 τις
526 1029 781 1083 σαφέστερον
799 1030 1030 1082 ἐπιδείξειεν
1049 1032 1179 1073 πάντα
1203 1034 1446 1086 διηρπακότα

115 1097 177 1137 καὶ
211 1099 309 1148 μηδὲ
345 1101 422 1137 τῶν
457 1100 606 1149 μικρῶν
642 1096 939 1151 ἀπεσχημένον,
973 1095 996 1149 ἢ
1030 1102 1168 1140 τοῦτον
1196 1099 1265 1141 τὸν
1297 1102 1444 1152 τρόπον

114 1163 331 1205 ἐπιδεικνὺς
371 1166 470 1215 μετὰ
505 1164 707 1205 τοσούτων
742 1165 947 1217 μαρτύρων
985 1166 1047 1206 καὶ
1083 1168 1320 1218 τεκμηρίων;
1370 1167 1444 1218 τὴν

111 1233 184 1282 μὲν
208 1234 350 1282 προῖκα
373 1234 518 1282 λαβεῖν
544 1230 852 1283 ὁμολογήσαντα
877 1232 938 1272 καὶ
962 1232 1071 1286 ἔχειν
1097 1232 1214 1274 αὐτὸν
1232 1233 1328 1286 πρὸς
1353 1234 1443 1277 τοὺς

112 1298 346 1349 ἐπιτρόπους
377 1297 682 1350 ἀπογράψαντα,
715 1297 757 1338 τὸ
787 1298 820 1338 δ’
848 1299 1109 1351 ἐργαστήριον
1140 1301 1441 1352 κεκαρπωμένον

111 1363 230 1405 αὐτὸν
255 1365 318 1404 καὶ
342 1364 414 1415 τὴν
439 1365 638 1415 πρόσοδον
664 1365 732 1405 οὐκ
759 1366 1046 1418 ἀποφαίνοντα,
1072 1370 1150 1407 τῶν
1175 1366 1208 1407 δ’
1234 1367 1370 1409 ἄλλων
1393 1369 1442 1408 τὰ

109 1433 182 1482 μὲν
217 1432 446 1483 πεπρακότα
482 1431 545 1471 καὶ
580 1433 649 1473 τὰς
677 1433 790 1483 τιμὰς
826 1432 895 1472 οὐκ
928 1434 1215 1484 ἀποδεδωκότα,
1247 1435 1295 1474 τὰ
1326 1434 1360 1475 δ’
1390 1435 1442 1478 ὡς

111 1498 250 1538 ἑαυτὸν
274 1499 458 1550 λαβόντα
479 1499 539 1538 καὶ
561 1498 665 1539 ταῦτ’
684 1498 918 1551 ἠφανικότα,
945 1500 1003 1540 ἔτι
1027 1502 1069 1541 δὲ
1094 1502 1200 1553 παρὰ
1225 1500 1293 1542 τὸν
1316 1502 1441 1555 λόγον

110 1564 155 1606 ὃν
180 1565 295 1607 αὐτὸς
329 1565 505 1606 ἀπέδωκε
535 1569 711 1606 τοσαῦτα
741 1564 973 1612 κλέπτοντα,
1000 1566 1098 1619 πρὸς
1122 1569 1163 1608 δὲ
1193 1568 1345 1611 τούτοις
1368 1568 1441 1620 τὴν

109 1631 298 1683 διαθήκην
329 1632 563 1685 ἠφανικότα,
597 1635 646 1673 τὰ
676 1632 902 1685 ἀνδράποδα
932 1635 1170 1687 πεπρακότα,
1198 1634 1314 1675 τᾶλλ’
1339 1637 1439 1676 οὕτω

108 1698 237 1740 πάντα
266 1700 493 1754 διῳκηκότα,
522 1700 573 1741 ὡς
603 1699 683 1740 οὐδ’
708 1699 756 1740 ἂν
781 1702 817 1741 οἱ
851 1700 1032 1753 ἔχθιστοι
1060 1700 1322 1752 διοικήσειαν,·
1361 1704 1440 1756 ἐγὼ

107 1767 181 1818 μὲν
200 1766 268 1806 οὐκ
294 1766 366 1806 οἶδ’
391 1767 496 1808 ὅπως
520 1766 568 1807 ἄν
593 1783 650 1808 τις
677 1766 934 1820 σαφέστερον
959 1767 1202 1819 ἐπιδείξειεν.

175 1831 357 1884 Ἐτόλμα
392 1834 522 1874 τοίνυν
558 1837 654 1886 πρὸς
691 1838 743 1889 τῷ
781 1837 958 1891 διαιτητῇ
990 1833 1136 1887 λέγειν,
1167 1835 1217 1877 ὡς
1250 1834 1328 1876 ἀπὸ
1360 1838 1438 1876 τῶν

107 1899 321 1952 χρημάτων
356 1899 454 1953 χρέα
489 1917 530 1941 τε
560 1899 765 1951 πάμπολλ’
793 1901 1010 1942 ἐκτέτεικεν
1042 1903 1138 1953 ὑπὲρ
1174 1903 1267 1952 ἐμοῦ
1301 1907 1435 1954 Δημο-

108 1969 235 2017 φῶντι
261 1966 322 2006 καὶ
348 1968 577 2023 Θηριππίδῃ
596 1971 678 2008 τοῖς
698 1969 1013 2020 συνεπιτρόποις,
1037 1969 1100 2009 καὶ
1126 1968 1176 2010 ὡς
1200 1970 1335 2009 πολλὰ
1358 1972 1437 2010 τῶν

108 2033 210 2083 ἐμῶν
246 2032 428 2084 λάβοιεν,
470 2033 638 2086 οὐδέτερ’
679 2033 784 2087 ἔχων
818 2035 1081 2075 ἐπιδεικνύναι
1117 2035 1277 2076 τούτων.
1348 2036 1437 2078 οὔτε

151 2151 171 2171 2
194 2142 237 2174 τὰ
251 2143 321 2183 περὶ
339 2141 383 2173 S:
408 2142 478 2183 περὶ
494 2141 582 2181 vulg.
672 2142 818 2184 τρέψειεν
833 2143 865 2174 Α
976 2153 995 2182 5
1020 2145 1072 2177 καὶ
1089 2144 1114 2175 S
1126 2144 1176 2175 A:
1202 2146 1253 2178 καὶ
1270 2146 1327 2179 τὰς
1345 2145 1434 2185 vulg-

107 2185 129 2215 6
152 2185 265 2226 αὐτὸν]
283 2187 387 2217 αὐτῶν
403 2185 428 2216 S
525 2187 589 2224 6-7
615 2187 655 2217 τὰ
673 2188 785 2219 ἑαυτοῦ
801 2188 889 2227 vulg.
908 2199 914 2218 :
938 2188 978 2219 τά
994 2202 1031 2219 τε
1049 2190 1145 2220 αὑτοῦ
1162 2188 1186 2219 S
1204 2188 1306 2228 plene
1323 2193 1433 2220 tamen

108 2233 186 2266 post
202 2229 302 2269 φησίν
317 2229 563 2272 ἰηῑετρυηὲεηε
710 2240 745 2260 11
773 2236 973 2263 ΜΑΡΤΥΡΙΑ
991 2231 1015 2262 S
1162 2242 1199 2271 14
1223 2233 1433 2274 τεκμηρίων;]

109 2272 484 2311 interrogandisignum
499 2273 553 2303 hic
572 2273 683 2312 posuit
701 2273 798 2305 Blass
815 2274 890 2305 coll.
908 2275 991 2305 Isae.
1007 2275 1063 2305 viii
1082 2276 1123 2305 28
1136 2285 1187 2315 sq.
1282 2285 1320 2315 15
1338 2290 1435 2308 αυτον

110 2314 134 2345 S
153 2326 160 2345 z
184 2317 280 2348 αὑτὸν
297 2316 372 2348 fort.
393 2317 623 2354 scribendum,
637 2316 676 2347 cs.
696 2318 711 2354 ξ
730 2327 764 2356 14
881 2327 917 2355 17
944 2319 1040 2350 αὐτὸν
1057 2319 1135 2350 secl.
1158 2318 1256 2350 Blass
1395 2330 1432 2359 19

109 2359 319 2398 λαμβάνοντα
333 2359 365 2390 Α
455 2370 498 2390 20
520 2360 572 2402 ὃν]
590 2361 607 2392 ὃ
625 2358 663 2390 5ι
732 2360 870 2393 ἐπέδωκε
888 2361 912 2392 S
929 2361 954 2390 F
1043 2372 1081 2393 21
1108 2365 1148 2394 τὰ
1169 2386 1175 2392 .
1192 2385 1200 2393 .
1220 2386 1228 2394 ,
1248 2362 1433 2404 πεπρακότα

109 2402 187 2433 secl.
207 2402 342 2434 Dobree
359 2403 434 2435 coll.
457 2406 472 2441 §
494 2413 532 2443 13
665 2414 706 2443 25
730 2404 823 2446 ὑπὲρ]
841 2404 889 2436 ὑπ’
908 2404 947 2435 Sl
1081 2416 1119 2444 27
1146 2405 1313 2446 οὐδέτερον
1330 2407 1360 2436 Α

1485 124 1601 180 [82⁷]

1482 413 1599 512 2228]

1480 1051 1524 1087 47

1466 1850 1514 1886 49
