1685 2772
86 134 240 186 xxxm]
438 136 601 174 ΠΡΟΣ
647 136 1062 174 ΑΠΑΤΟΎΡΙΟΝ

84 247 224 292 αὑτῶν,
257 245 327 286 ἕνα
356 245 389 286 δ’
418 244 600 298 ἑκάτερος
639 247 948 298 παρεκαθίσατο,
980 245 1092 287 οὗτος
1120 248 1193 297 μὲν
1225 245 1410 298 Ἀριστο-

85 312 181 353 κλέα
205 312 361 363 Ὀῆθεν,
397 313 418 352 6
451 315 492 353 δὲ
524 312 747 364 Παρμένων
778 311 859 363 ἐμέ.
923 313 984 352 καὶ
1018 311 1228 353 συνέθεντο
1258 313 1301 353 ἐν
1330 317 1414 354 ταῖς

83 378 308 430 συνθήκαις,
336 380 370 419 εἰ
393 381 465 430 μὲν
489 383 593 431 τρεῖς
618 380 731 421 ὄντες
757 379 1032 431 ὁμογνώμονες
1049 379 1271 431 γενοίμεθα,
1293 384 1415 420 ταῦτα

83 446 195 497 κύρια
219 445 319 486 εἶναι
343 447 485 492 αὑτοῖς,
514 447 547 486 εἷ
581 448 622 486 δὲ
652 445 718 497 μή,
755 447 813 487 οῖς
850 448 886 486 οἱ
922 446 989 486 δύο
1022 447 1227 498 γνοίησαν,
1263 447 1414 502 τούτοις

44 529 62 561 5
84 512 302 564 ἐπάναγκες
327 512 428 553 εἶναι
453 512 646 563 ἐμμένειν.
720 511 954 564 συνθέμενοι
987 515 1028 553 δὲ
1062 516 1194 564 ταῦτα,
1222 515 1415 566 ἐγγυητὰς

82 580 231 619 τούτων
255 578 451 629 ἀλλήλοις
478 579 742 630 κατέστησαν,
761 580 873 621 οὗτος
891 582 963 631 μὲν
983 581 1117 634 ἐκείνῳ
1137 580 1205 620 τὸν
1229 579 1412 632 Ἀριστο-

83 645 192 692 κλέα,
220 647 240 686 6
265 648 307 686 δὲ
331 645 553 698 Παρμένων
579 647 704 701 τούτῳ
723 647 956 700 ”Αρχιππον
985 648 1290 699 Μυρρινούσιον.
1353 647 1415 687 καὶ

81 713 126 754 τὸ
143 715 217 764 μὲν
235 717 390 765 πρῶτον
410 715 584 754 ἐτίθεντο
604 715 674 756 τὰς
695 713 893 764 συνθήκας
914 715 1018 766 παρὰ
1036 715 1090 769 τῷ
1111 715 1312 769 Φωκρίτῳ,
1331 714 1415 754 εἶτα

83 780 346 821 κελεύσαντος
371 784 440 820 τοῦ
466 782 670 833 Φωκρίτου
701 781 793 834 παρ’
819 781 930 835 ἄλλῳ
959 781 1036 821 τινὶ
1063 780 1216 827 θέσθαι,
1244 781 1414 821 τίθενται

24 868 62 890 10
81 849 187 900 παρὰ
219 848 271 902 τῷ
299 847 565 900 Ἀριστοκλεῖ.
627 849 690 889 καὶ
723 848 775 891 ὡς
805 849 933 899 ἀληθῆ
964 847 1083 901 λέγω,
1111 848 1307 889 ἀκούσατε
1336 852 1414 890 τῶν

80 917 312 968 μαρτυριῶν.

627 1054 854 1082 ΜΑΡΤΥΡῙΑΙ.

142 1133 238 1175 “Ort
273 1136 346 1186 μὲν
386 1133 580 1185 ἐτέθησαν
616 1136 655 1174 αἱ
693 1136 885 1185 συνθῆκαι
919 1135 1025 1186 παρὰ
1059 1133 1317 1186 Ἀριστοκλεῖ
1350 1136 1412 1176 καὶ

81 1203 105 1253 ἡ
145 1201 333 1254 ἐπιτροπὴ
378 1200 534 1253 ἐγένετο
577 1202 766 1256 Φωκρίτῳ
810 1202 873 1241 καὶ
912 1200 1168 1252 Ἀριστοκλεῖ
1208 1203 1270 1242 καὶ
1311 1203 1410 1253 ἐμοί,

26 1283 62 1314 15
83 1270 120 1309 οἱ
147 1268 292 1310 εἰδότες
317 1271 438 1307 ταῦτα
462 1267 806 1320 μεμαρτυρήκασιν
830 1269 933 1318 ὑμῖν.
988 1266 1124 1319 δέομαι
1149 1267 1203 1314 δέ,
1226 1267 1255 1308 ὦ
1276 1268 1413 1321 ἄνδρες

84 1334 278 1380 δικασταί,
304 1336 352 1374 τὰ
381 1336 479 1385 μετὰ
510 1338 630 1374 ταῦτα
659 1333 889 1387 πραχθέντα
914 1335 1084 1374 ἀκοῦσαί
1108 1352 1195 1386 μου·
1234 1336 1413 1376 ἐντεῦθεν

83 1404 158 1454 γὰρ
197 1401 310 1441 ἔσται
349 1400 523 1454 φανερὸν
559 1402 662 1452 ὑμῖν,
697 1402 756 1441 ὅτι
794 1405 1117 1453 συκοφαντοῦμαι
1150 1402 1226 1442 ὑπὸ
1261 1403 1413 1443 τουτουὶ

84 1468 356 1521 Ἀπατουρίου.
430 1467 563 1518 ἐπειδὴ
598 1470 673 1520 γὰρ
701 1467 848 1524 ᾔσθετο
887 1468 1163 1520 ὁμογνώμονας
1197 1470 1312 1511 ὄντας
1345 1471 1414 1520 ἐμὲ

87 1536 147 1576 καὶ
171 1535 240 1575 τὸν
265 1535 470 1587 Φώκριτον
503 1536 564 1575 καὶ
594 1535 696 1587 ἔγνω
727 1533 1104 1585 καταδιαιτήσοντας
1132 1535 1231 1586 ἡμᾶς
1261 1538 1411 1582 ἑαυτοῦ,

27 1616 64 1637 ²0
85 1606 204 1643 λῦσαι
228 1603 478 1653 βουλόμενος
507 1602 578 1652 τὴν
608 1601 835 1654 ἐπιτροπήν,
863 1605 1089 1654 διαφθεῖραι
1117 1604 1187 1644 τὰς
1217 1602 1414 1653 συνθήκας

85 1670 320 1722 ἐπεχείρησε
362 1671 460 1720 μετὰ
501 1672 569 1709 τοῦ
610 1670 772 1722 ἔχοντος
814 1667 945 1710 αὐτάς.
997 1669 1058 1709 καὶ
1100 1669 1221 1720 ἦλθεν
1264 1671 1327 1710 ἐπὶ
1369 1669 1412 1709 τὸ

86 1737 361 1789 ἀμφισβητεῖν
400 1736 449 1776 ὡς
488 1737 590 1791 αὐτῷ
631 1735 830 1786 διαιτητὴς
868 1737 926 1786 εἴη
966 1735 986 1775 6
1023 1735 1299 1787 Ἀριστοκλῆς,
1344 1736 1412 1776 τὸν

85 1805 127 1844 δὲ
164 1803 367 1854 Φώκριτον
407 1802 468 1842 καὶ
505 1804 573 1853 ἐμὲ
609 1802 767 1844 οὐδενὸς
804 1804 956 1855 κυρίους
991 1803 1145 1854 ἔφησεν
1185 1802 1285 1843 εἶναι
1320 1802 1411 1843 ἀλλ’

84 1866 108 1919 ἢ
140 1872 208 1909 τοῦ
241 1871 437 1909 διαλῦσαι.
509 1868 788 1921 ἀγανακτήσας
822 1869 866 1919 δὴ
903 1873 955 1924 τῷ
991 1869 1100 1923 λόγῳ
1137 1870 1156 1908 6
1193 1869 1411 1921 Παρμένων

27 1947 64 1978 ²5
85 1934 196 1986 ἠξίου
231 1935 299 1975 τὸν
336 1935 601 1987 Ἀριστοκλέα
637 1935 820 1988 ἐκφέρειν
858 1937 928 1977 τὰς
961 1935 1169 1986 συνθήκας,
1204 1935 1248 1976 οὐ
1281 1937 1412 1988 πόρρω

87 2001 255 2054 φάσκων
280 2001 379 2042 εἶναι
404 2002 472 2042 τὸν
497 2002 678 2055 ἔλεγχον,
703 2004 740 2043 εἴ
761 2019 798 2042 τι
824 2006 1078 2054 κακουργοῖτο
1103 2003 1191 2054 περὶ
1215 2004 1264 2042 τὰ
1287 2003 1409 2055 γράμ-

84 2085 201 2119 ματα·
238 2068 484 2121 γεγραφέναι
507 2071 581 2120 γὰρ
601 2070 699 2109 αὐτὰ
720 2067 875 2118 οἰκέτην
894 2071 1045 2109 ἑαυτοῦ.
1100 2068 1353 2122 ὁμολογήσας
1371 2072 1412 2110 δὲ

86 2134 257 2186 ἐξοίσειν
282 2137 352 2176 τὰς
377 2134 573 2185 συνθήκας
599 2136 619 2174 6
639 2135 902 2187 Ἀριστοκλῆς
922 2136 1111 2187 ἐμφανεῖς
1129 2138 1200 2186 μὲν
1222 2136 1329 2176 οὔπω
1351 2137 1412 2176 καὶ

131 2254 150 2273 2
174 2244 290 2280 Οἰῆθεν
306 2243 415 2283 codd„
437 2243 477 2274 cs.
499 2242 741 2274 Meisterhans³
756 2253 788 2282 p.
807 2244 849 2282 58
1047 2254 1067 2282 4
1091 2243 1152 2285 οἷς]
1172 2259 1186 2278 ς
1202 2245 1234 2276 in
1253 2255 1318 2277 ras.
1336 2246 1370 2276 in
1389 2246 1413 2277 S

90 2296 128 2316 12
153 2291 353 2319 MAPTTPIA
370 2287 394 2318 S
544 2296 582 2325 15
606 2289 710 2318 ταῦτα
726 2297 791 2318 om.
812 2286 842 2316 D
951 2287 985 2319 δέ
1002 2287 1026 2318 S
1039 2287 1071 2318 A
1087 2299 1092 2317 :
1120 2289 1196 2320 add.
1221 2291 1305 2328 ὑμῶν
1320 2290 1409 2329 vulg.

87 2339 128 2359 22
152 2332 403 2370 διαμφισβητεῖν
419 2329 448 2360 Α
462 2331 492 2360 D
504 2330 530 2360 F
545 2343 596 2372 γρ.
613 2330 705 2371 Q'yp.
798 2333 814 2362 6
829 2340 894 2361 om.
913 2330 945 2360 A
1059 2341 1102 2370 23
1126 2331 1247 2371 ἔφησεν
1262 2332 1285 2362 S
1297 2333 1390 2374 Qyp.
1407 2344 1413 2364 ε

87 2373 150 2414 ἔφη
166 2374 253 2412 vulg.
344 2384 386 2413 24
410 2375 557 2405 διαλῦσαι
576 2373 618 2404 S:
639 2376 849 2406 συνδιαλῦσαι
860 2373 950 2413 vulg.
1023 2374 1076 2414 δὴ]
1097 2373 1129 2406 δὲ
1141 2374 1171 2404 Α
1270 2378 1311 2405 28
1328 2379 1413 2408 οὔπω

86 2429 115 2448 κ.
128 2429 159 2447 τ.
178 2416 201 2446 S
218 2416 321 2455 vulg„
339 2417 380 2447 cf.
400 2416 563 2448 Aeschin.
582 2417 616 2448 F.
636 2416 674 2448 L.
695 2419 712 2455 §
735 2427 815 2457 139:
842 2418 962 2448 οὐδέπω
979 2430 1006 2448 κ.
1022 2431 1052 2448 τ.
1072 2416 1104 2447 Α
1123 2422 1155 2448 et
1175 2417 1310 2449 Demos.
1336 2420 1412 2450 alibi

154 2482 243 2504 14126
1306 2476 1325 2500 6

1443 126 1561 182 [897]

1448 329 1487 364 15

1447 1141 1488 1176 16

1448 1685 1487 1718 17

1446 1935 1573 1992 [898]

1446 2077 1487 2112 18
