1685 2772
54 127 189 181 [1013]

154 733 193 767 17

156 1260 197 1293 18

632 131 1160 187 [ΔΗΜΟΣΘΕΝΟΎΣ]
1493 132 1559 188 [XL

223 253 378 300 πρῶτον
411 247 770 301 παραγραψάμενοι
802 248 970 288 Σόλωνα
1007 246 1171 301 Ἑρχιέα
1202 247 1404 298 διαιτητὴν
1435 249 1559 303 τούτῳ

226 315 501 368 ἐπετρέψαμεν
530 314 690 356 δικάσαι
716 314 805 366 περὶ
829 316 883 355 ὧν
909 316 1172 365 ἐνεκαλοῦμεν
1197 314 1407 365 ἀλλήλοις·
1451 315 1502 357 ὡς
1528 314 1560 356 δ’

226 383 292 423 οὐκ
318 381 501 432 ἀπήντων
520 382 639 427 οὗτοι,
667 381 758 422 ἀλλ’
785 383 1047 433 ἐφυγοδίκουν
1078 381 1141 421 καὶ
1164 382 1310 435 χρόνος
1340 382 1561 434 διετρίβετο

226 450 385 503 συχνός,
412 453 465 503 τῷ
490 451 562 499 μὲν
589 449 749 488 Σόλωνι
783 448 936 499 συνέβη
963 451 1199 498 τελευτῆσαι
1227 448 1296 489 τὸν
1319 448 1426 500 βίον,
1453 449 1562 489 οὗτοι

226 519 267 557 δὲ
298 515 418 557 πάλιν
451 514 498 566 ἐξ
527 516 708 568 ὑπαρχῆς
743 514 1002 568 λαγχάνουσί
1030 531 1099 566 μοι
1126 516 1196 557 τὰς
1230 515 1352 561 δίκας,
1386 516 1448 556 καὶ
1481 517 1560 567 ἐγὼ

225 583 362 637 τούτῳ,
399 581 781 634 προσκαλεσάμενος
807 582 924 622 αὐτὸν
962 582 1024 622 καὶ
1061 581 1388 634 ἐπιγραψάμενος
1420 582 1486 623 ἐπὶ
1515 582 1560 622 τὸ

227 651 405 701 ἔγκλημα
431 649 618 689 Βοιωτόν·
669 652 783 689 τοῦτο
809 650 884 700 γὰρ
910 649 1013 703 αὐτῷ
1039 649 1060 688 ὁ
1084 649 1211 701 πατὴρ
1237 649 1349 689 ἔθετο
1371 649 1559 701 τοῦνομα.

227 717 315 768 περὶ
340 718 412 767 μὲν
433 716 499 756 οὖν
523 717 577 756 ὧν
603 715 713 755 οὗτοί
740 732 806 767 μοι
838 715 1074 766 ἐδικάζοντο,
1102 716 1295 768 παρόντος
1324 716 1464 757 τούτου
1498 718 1562 758 καὶ

227 785 514 825 ἀντιδικοῦντος
531 783 594 823 καὶ
619 783 687 823 οὐκ
712 782 873 836 ἔχοντος
896 782 1089 833 ἐπιδεῖξαι
1114 782 1226 823 οὐδὲν
1251 785 1305 824 ὧν
1332 783 1560 831 ἐνεκάλουν,

227 849 495 907 ἀπεδιῄτησέν
519 868 594 902 μου
610 851 630 890 ὁ
656 849 868 901 διαιτητής·
907 851 972 891 καὶ
996 850 1106 891 οὗτος
1134 851 1323 893 συνειδὼς
1346 852 1450 906 αὐτῷ
1476 852 1558 891 ἀδί-

228 935 303 960 κως
333 920 567 971 ἐγκαλοῦντι
605 918 694 959 οὕτε
724 919 874 970 ἐφῆκεν
903 919 958 959 εἰς
984 917 1030 958 τὸ
1064 917 1333 971 δικαστήριον,
1368 919 1458 959 οὔτε
1494 922 1562 959 νῦν

228 986 316 1038 περὶ
343 987 502 1026 ἐκείνων
536 985 675 1039 εἴληχέ
702 1003 769 1036 μοι
799 985 910 1035 δίκην
939 985 1136 1036 οὐδεμίαν,
1165 986 1272 1026 ἀλλὰ
1302 985 1391 1037 περὶ
1425 985 1563 1026 ἄλλων

228 1058 358 1099 τινῶν,
401 1053 542 1094 λύσειν
583 1057 664 1094 τοῖς
710 1051 936 1105 ἐγκλήμασι
970 1052 1123 1095 τούτοις
1162 1052 1235 1103 τὴν
1269 1054 1382 1103 δίκην
1417 1053 1563 1103 ταύτην

229 1122 417 1171 οἰόμενος.
478 1119 524 1171 ἣν
551 1120 584 1161 δ’
609 1121 688 1172 ἐγὼ
712 1123 853 1160 τοῦτον
879 1120 1043 1160 ἐδίωκον
1068 1120 1158 1161 τότε
1181 1121 1272 1172 περὶ
1289 1123 1358 1170 τῆς
1384 1121 1560 1171 προικός,

230 1190 511 1238 ἐπιδημοῦντος
535 1188 674 1228 τούτου
695 1187 833 1228 ἐνθάδε
860 1188 922 1227 καὶ
949 1188 1016 1227 οὐκ
1042 1185 1345 1237 ἀπαντήσαντος
1371 1187 1469 1239 πρὸς
1493 1187 1564 1227 τὸν

230 1254 442 1305 διαιτητήν,
475 1254 621 1306 ἐρήμην
655 1252 939 1310 κατεδιῄτησεν
974 1254 1106 1296 αὐτοῦ.
1174 1255 1311 1294 οὑτοσὶ
1344 1253 1399 1300 δέ,
1431 1253 1462 1295 ὦ
1493 1254 1560 1294 ἅν-

230 1325 316 1375 δρες
341 1324 534 1368 δικασταί,
559 1323 646 1363 οὔτε
671 1322 865 1372 ἠντεδίκει
883 1321 974 1362 τότε
999 1321 1134 1373 παρὼν
1150 1321 1240 1362 οὔτε
1265 1321 1342 1374 ἔφη
1368 1339 1417 1372 με
1443 1338 1561 1361 κατα-

230 1387 509 1440 διαιτήσασθαι
542 1389 613 1440 τὴν
639 1389 748 1439 δίκην
774 1389 905 1429 αὑτοῦ·
942 1388 988 1428 οὐ
1019 1390 1095 1441 γὰρ
1129 1388 1228 1428 εἶναι
1258 1391 1434 1428 Βοιωτὸν
1459 1389 1562 1442 αὐτῷ

230 1459 366 1507 ὄνομα,
388 1457 494 1497 ἀλλὰ
514 1458 753 1502 Μαντίθεον,
772 1456 835 1496 καὶ
852 1457 974 1498 οὕτως
989 1456 1154 1506 ὀνόματι
1170 1456 1444 1507 ἀμφισβητῶν
1460 1455 1562 1509 ἔργῳ

229 1524 302 1574 τὴν
327 1522 469 1575 προῖκά
483 1541 532 1574 με
557 1525 625 1573 τῆς
648 1525 794 1575 μητρὸς
820 1524 1045 1575 ἀποστερεῖ.
1107 1523 1266 1574 ἀπορῶν
1291 1521 1324 1562 δ’
1350 1522 1428 1574 ἐγὼ
1453 1523 1495 1562 τί
1515 1521 1564 1562 ἄν

232 1608 289 1632 τις
314 1588 510 1643 χρήσαιτο
539 1594 592 1644 τῷ
626 1589 840 1642 πράγματι,
868 1591 968 1631 οὕτω
1001 1588 1126 1630 πάλιν
1157 1588 1230 1639 τὴν
1262 1588 1385 1639 αὐτὴν
1417 1589 1562 1639 ταύτην

67 1658 201 1714 [1014]
233 1659 342 1707 δίκην
371 1658 509 1710 λαχὼν
546 1657 649 1712 αὐτῷ
681 1655 893 1711 Μαντιθέῳ
931 1655 1124 1710 ἑνδεκάτῳ
1164 1657 1243 1696 ἔτει
1279 1660 1348 1696 νῦν
1378 1657 1433 1697 εἰς
1465 1656 1562 1706 ὑμᾶς

159 2031 201 2063 19

234 1724 529 1776 καταπέφευγα.
601 1724 651 1765 ὡς
677 1726 717 1764 δὲ
749 1724 811 1763 καὶ
843 1722 951 1763 ταῦτ’
977 1725 1106 1774 ἀληθῆ
1139 1723 1261 1775 λέγω,
1288 1723 1566 1775 ἀναγνώσεται

231 1792 321 1842 ὑμῖν
346 1788 450 1843 (τὰς)
476 1792 564 1843 περὶ
589 1791 738 1832 τούτων
762 1792 989 1843 μαρτυρίας.

786 1940 1010 1967 ΜΛΡΤΎΡΙΑΙ.

291 2021 386 2062 ’Ότι
409 2024 480 2073 μὲν
505 2023 651 2068 τοίνυν,
680 2020 709 2061 ὦ
736 2020 872 2072 ἄνδρες
899 2021 1096 2066 δικασταί,
1123 2021 1148 2071 ἥ
1167 2038 1210 2062 τε
1238 2019 1367 2072 μήτηρ
1394 2037 1470 2072 μου
1495 2019 1562 2060 τά-

231 2095 378 2130 λαντον
411 2088 704 2142 ἐπενεγκαμένη
735 2092 889 2140 προῖκα,
919 2090 1128 2128 ἐκδοθεῖσα
1155 2089 1230 2128 ὑπὸ
1265 2092 1344 2128 τῶν
1377 2088 1564 2140 ἀδελφῶν

1583 869 1623 891 10

1586 1200 1622 1231 15

1586 1539 1625 1559 20

1587 1948 1625 1979 ²5

278 2209 291 2229 1
319 2200 605 2241 παραγραψάμενοι·
624 2198 648 2229 S
789 2209 808 2228 2
833 2198 960 2230 δικάσαι
978 2198 1058 2229 secl.
1080 2197 1279 2237 Schnodors,
1299 2198 1360 2228 sed
1379 2197 1418 2229 cf.
1431 2197 1563 2229 Andoc.
1592 2205 1595 2207 '

230 2242 239 2272 i
257 2252 287 2281 5,
306 2242 465 2274 Aeschin.
485 2243 493 2272 i
511 2244 553 2281 63
681 2252 700 2280 5
725 2244 782 2274 τὰς
800 2243 887 2274 δίκας
904 2243 993 2280 vulg.
1014 2253 1021 2272 z
1045 2243 1132 2273 δίκας
1150 2242 1173 2271 S
1305 2251 1340 2271 11
1369 2243 1565 2282 ἐγκαλοῦντι

233 2287 256 2317 S
273 2297 279 2317 :
303 2300 355 2324 μοι
375 2288 523 2327 ἐγκαλῶν
539 2286 630 2324 vulg.
769 2295 806 2321 14
833 2288 858 2317 δ’
876 2296 940 2316 οῐῃ.
962 2285 987 2315 F
1001 2285 1042 2323 Q,
1062 2285 1095 2316 δὲ
1113 2290 1191 2324 post
1212 2287 1440 2323 ἐπιδημοῦντος
1452 2285 1565 2324 posito

234 2331 274 2359 16
298 2331 407 2361 οὑτοσὶ
426 2329 449 2359 S
467 2340 474 2359 :
499 2329 592 2361 οὗτος
609 2329 698 2368 vulg.
802 2339 839 2367 17
865 2329 1023 2366 ἠντεδίκει
1043 2329 1066 2359 S
1085 2340 1091 2359 ε
1116 2329 1271 2366 ὴντιδίκει
1289 2329 1379 2367 vulg.
1466 2341 1563 2360 κατα-

233 2376 444 2411 διητησασθαι
463 2373 486 2402 S
612 2383 655 2402 20
678 2386 716 2411 με
735 2377 811 2411 post
829 2375 941 2413 προῖκα
958 2372 981 2402 S
993 2372 1042 2404 A:
1070 2378 1144 2411 post
1165 2372 1246 2413 ἔργῳ
1265 2371 1330 2409 FQ
1451 2381 1489 2401 21
1515 2385 1566 2404 τις

234 2427 298 2447 om.
318 2416 341 2447 S
409 2416 532 2454 ταύτην
552 2426 616 2446 om.
639 2415 669 2445 A
760 2426 800 2453 24
826 2418 896 2455 ὑμῖν
912 2426 976 2447 om.
995 2415 1027 2444 A
1094 2418 1150 2448 τὰς
1167 2416 1243 2446 add.
1263 2414 1368 2453 Wolf,
1389 2415 1430 2446 cf.
1452 2419 1466 2452 ξ
1486 2425 1526 2454 35
