1685 2772
77 144 192 200 [836]

72 739 189 796 [837]

650 150 1138 189 ΔΗΜΟΣΘΕΝΟΎΣ
1402 144 1553 200 [xxvm

227 266 287 306 καὶ
321 265 433 305 οὐδὲν
456 268 535 304 τῶν
558 263 745 304 τοιούτων
771 262 958 303 δέδοικεν.
1006 261 1127 303 ἔπειτ’
1147 260 1261 303 αὐτὸς
1287 262 1306 300 ὁ
1332 262 1457 315 πατὴρ
1481 263 1553 314 τήν

224 332 258 372 τ’
277 332 406 382 ἄλλην
432 331 571 371 οὐσίαν
599 330 660 370 καὶ
689 330 856 382 τέτταρα
885 329 1061 370 τάλαντα
1088 329 1151 370 καὶ
1174 330 1404 382 τρισχιλίας
1429 335 1550 382 φανε-

223 401 293 451 ρὰς
327 399 528 448 ἐποίησεν,
564 398 608 439 ἃς
641 398 747 437 οῦτοι
779 397 985 450 γραφῆναί
1013 396 1046 437 τ’
1069 398 1113 437 ἐν
1142 399 1227 438 ταῖς
1260 394 1461 447 διαθήκαις
1493 398 1554 438 καὶ

223 470 368 517 λαβεῖν
395 468 502 518 σφᾶς
529 464 666 506 αὐτοὺς
692 463 774 504 κατ’
801 462 990 513 ἀλλήλων
1018 467 1390 516 καταμαρτυροῦσιν.
1430 464 1489 505 ἔτι
1512 466 1554 505 δὲ

225 533 286 572 καὶ
324 531 438 572 αὐτὸς
467 531 658 584 ’Ἄφοβος
694 532 792 581 μετὰ
828 534 906 571 τῶν
936 531 1235 582 συνεπιτρόπων
1273 536 1322 588 τῇ
1354 531 1470 572 πόλει
1510 530 1554 572 τὸ
1575 551 1593 584 5

224 602 375 649 πλῆθος
408 603 486 639 τῶν
521 597 868 650 καταλειφθέντων
900 597 1112 650 χρημάτων
1147 599 1321 650 ἐμφανὲς
1353 599 1553 649 ἐποίησεν,

222 666 397 718 ἡγεμόνα
421 683 469 717 με
489 668 558 715 τῆς
579 666 797 717 συμμορίας
817 663 1072 715 καταστήσας
1091 663 1159 704 οὐκ
1181 664 1244 705 ἐπὶ
1267 668 1420 717 μικροῖς
1441 664 1553 716 τιμή-

220 750 356 784 μασιν,
385 732 475 773 ἀλλ’
503 732 566 772 ἐπὶ
591 732 838 782 τηλικούτοις
863 732 968 772 ὥστε
993 732 1091 771 κατὰ
1114 733 1184 773 τὰς
1202 730 1320 773 πέντε
1339 733 1402 772 καὶ
1428 733 1555 772 εἴκοσι

220 803 319 852 μνᾶς
342 801 607 841 πεντακοσίας
634 798 851 851 εἰσφέρειν.
914 800 1040 839 καίτοι
1060 799 1096 839 εἴ
1110 815 1147 838 τι
1162 798 1310 839 τούτων
1329 798 1376 849 ἦν
1395 799 1553 850 ἀληθές,

222 868 333 908 οὐδὲν
358 867 405 907 ἂν
431 866 558 906 αὐτῶν
587 866 788 916 ἐποίησεν,
818 867 924 906 ἀλλὰ
948 865 1064 906 πάντ’
1088 864 1137 906 ἂν
1155 865 1379 917 ηὐλαβήθη.
1419 869 1488 907 νῦν
1513 869 1556 907 δὲ

224 934 285 974 καὶ
323 933 565 986 Δημοχάρης
608 933 670 973 καὶ
713 935 732 972 ὁ
775 933 903 985 πατὴρ
944 933 1005 973 καὶ
1044 932 1153 973 αὐτοὶ
1195 933 1303 973 οὗτοι
1343 933 1556 985 φαίνονται

222 1003 375 1053 φανερὰ
401 1004 617 1046 ποιοῦντες,
647 1000 709 1040 καὶ
737 999 877 1040 οὐδένα
900 1003 1076 1040 τοιοῦτον
1102 1001 1281 1040 κίνδυνον
1305 1000 1486 1042 δεδιότες.

290 1067 459 1108 Πάντων
484 1067 516 1106 δ’
543 1067 802 1107 ἀτοπώτατόν
835 1069 959 1113 ἐστιν,
987 1066 1180 1119 λέγοντας
1205 1067 1255 1109 ὡς
1281 1067 1301 1106 ὁ
1326 1067 1452 1119 πατὴρ
1486 1066 1555 1107 οὐκ

223 1135 282 1175 ε’ία
319 1136 487 1185 μισθοῦν
520 1134 588 1174 τὸν
620 1133 740 1180 οἶκον,
771 1133 843 1183 τὴν
871 1135 944 1185 μὲν
978 1132 1167 1184 διαθήκην
1199 1137 1378 1185 μηδαμοῦ
1409 1134 1555 1185 ταύτην

222 1201 471 1254 ἀποφαίνειν,
501 1200 547 1251 ἐξ
575 1201 620 1252 ἧς
654 1200 701 1251 ἧν
739 1200 882 1241 εἰδέναι
911 1200 1110 1252 τάκριβές,
1137 1201 1376 1251 τηλικαύτην
1405 1200 1438 1240 δ’
1464 1202 1551 1241 ἆνε-

222 1269 366 1310 λόντας
391 1269 602 1320 μαρτυρίαν
629 1269 753 1309 οὕτως
779 1270 934 1308 οἴεσθαι
960 1271 1041 1308 δεῖν
1067 1269 1150 1325 εἰκῇ
1179 1268 1438 1309 πιστεύεσθαι
1463 1267 1554 1320 παρ’

221 1336 325 1387 ὑμῖν.
396 1334 486 1375 ἀλλ’
524 1337 657 1388 ἐχρῆν,
697 1335 829 1385 ἐπειδὴ
864 1334 1023 1388 τάχιστ’
1057 1335 1318 1386 ἐτελεύτησεν
1355 1336 1375 1374 ὁ
1411 1334 1552 1387 πατήρ,

222 1402 536 1444 εἰσκαλέσαντας
561 1402 758 1454 μάρτυρας
779 1402 954 1445 πολλοὺς
979 1401 1344 1454 παρασημήνασθαι
1367 1405 1554 1443 κελεῦσαι

220 1471 289 1512 τὰς
318 1469 516 1520 διαθήκας,
546 1469 593 1509 ἵν’
621 1471 658 1509 εἴ
685 1487 720 1509 τι
755 1469 921 1521 ἐγίγνετ’
950 1468 1327 1522 ἀμφισβητήσιμον,
1354 1467 1402 1519 ἧν
1426 1470 1482 1511 εἷς
1506 1470 1554 1509 τὰ

220 1535 429 1588 γράμματα
455 1536 560 1576 ταῦτ’
589 1538 822 1577 ἐπανελθεῖν
849 1538 912 1576 καὶ
932 1536 1003 1586 τὴν
1024 1536 1213 1587 ἀλήθειαν
1233 1536 1393 1577 πάντων
1411 1537 1551 1588 εὑρεῖν.

220 1607 287 1643 νῦν
324 1603 356 1642 δ’
388 1604 500 1655 ἕτερα
532 1606 604 1654 μὲν
640 1602 1006 1655 παρασημήνασθαι
1037 1603 1226 1654 ἠξίωσαν,
1259 1605 1303 1644 ἐν
1331 1603 1389 1645 οἷς
1418 1605 1552 1644 πολλὰ

219 1673 297 1710 τῶν
337 1670 683 1721 καταλειπομένων
728 1671 795 1710 οὐκ
836 1671 1068 1723 ἐγέγραπτο,
1109 1669 1370 1722 ὑπομνήματα
1415 1670 1448 1711 δ’
1490 1669 1551 1720 ἧν·

220 1737 339 1787 αὐτὴν
364 1739 406 1777 δὲ
429 1737 499 1787 τὴν
527 1736 732 1787 διαθήκην,
756 1737 803 1777 δι’
830 1738 875 1788 ἧς
901 1739 1048 1778 τούτων
1072 1739 1127 1779 ὧν
1152 1737 1401 1789 ἐσημήναντο
1425 1753 1548 1790 γραμ-

218 1802 352 1854 μάτων
380 1805 441 1844 καὶ
466 1808 543 1845 τῶν
570 1804 706 1845 ἄλλων
735 1804 920 1846 ἁπάντων
946 1805 1157 1859 χρημάτων
1188 1806 1394 1857 ἐγίγνοντο
1415 1804 1550 1857 κύριοι,

221 1872 282 1912 καὶ
306 1873 372 1911 τοῦ
397 1871 448 1922 μὴ
476 1874 643 1921 μισθοῦν
676 1871 744 1912 τὸν
778 1872 887 1914 οἶκον
916 1876 985 1923 τῆς
1017 1874 1142 1914 αἰτίας
1175 1871 1432 1918 ἀπελέλυντο,
1458 1871 1548 1912 ταύ-

218 1954 290 1988 την
320 1937 352 1978 δ’
382 1939 451 1979 οὐκ
487 1937 751 1989 ἐσημήναντο,
784 1939 864 1980 οὐδ’
899 1939 1020 1990 αὐτὴν
1053 1940 1269 1980 ἀπέδοσαν.
1357 1937 1469 1989 ἄξιόν
1503 1954 1551 1991 γε

219 2004 422 2046 πιστεύειν
453 2005 584 2047 αὐτοῖς
618 2007 640 2046 ὅ
667 2024 704 2047 τι
736 2005 784 2047 ἂν
814 2007 901 2056 περὶ
934 2007 1083 2047 τούτων
1111 2006 1301 2059 λέγωσιν.

288 2071 403 2112 Ἀλλ’
435 2073 513 2124 ἐγὼ
544 2073 611 2113 οὐκ
643 2073 714 2114 οἶδ’
741 2075 762 2114 ὅ
797 2093 834 2117 τι
871 2074 974 2114 τοῦτ’
1000 2074 1122 2114 ἔστιν.
1195 2073 1263 2113 οὐκ
1295 2074 1354 2113 εἵα
1382 2073 1549 2123 μισθοῦν

265 2190 284 2219 3
309 2195 346 2213 τε
363 2192 424 2213 om.
447 2182 473 2212 F
605 2191 622 2220 7
647 2195 685 2220 με
704 2187 782 2212 ante
799 2185 854 2214 οὐκ
872 2183 971 2213 iterat
990 2183 1013 2213 S
1031 2184 1090 2213 sed
1108 2183 1241 2222 punctis
1257 2186 1405 2213 notatum
1527 2191 1548 2219 9

222 2224 346 2256 τούτων
364 2229 393 2257 εἴ
406 2240 436 2257 τι
456 2225 491 2263 F,
510 2225 551 2256 cf.
569 2225 661 2255 xxvii
679 2227 731 2264 56,
750 2226 832 2255 xxix
850 2228 891 2264 48
980 2226 1018 2264 ἧν
1034 2237 1100 2257 om.
1120 2227 1152 2256 A
1276 2236 1314 2256 10
1339 2224 1492 2262 εὐλαβίθη
1509 2223 1547 2254 Sl

227 2278 262 2306 15
288 2268 462 2301 ἀνελόντας
473 2269 563 2307 vulg.
583 2268 606 2299 S
622 2280 695 2309 γρ.;
720 2269 927 2301 ἆνελόντεςδ
1021 2272 1059 2300 16
1083 2273 1149 2302 δεῖν
1160 2280 1224 2300 orn.
1241 2269 1266 2299 F
1358 2279 1396 2306 19
1422 2268 1547 2308 ἐγίνετο

224 2310 246 2340 S
261 2324 266 2341 :
294 2311 426 2351 ἐγένετο
443 2311 510 2341 AF
595 2315 883 2353 αμφισβητισημον
901 2313 924 2343 S
1033 2323 1074 2343 22
1092 2311 1356 2353 καταλιπομένων
1374 2311 1398 2342 S
1505 2320 1547 2348 23

223 2356 260 2385 δι’
277 2353 312 2391 ἧς
330 2355 380 2386 καὶ
397 2355 522 2387 τούτων
540 2355 636 2385 Blass
789 2366 829 2394 24
854 2356 1029 2398 χρημάτων
1048 2356 1091 2388 ὧν
1109 2356 1132 2387 S
1146 2357 1172 2386 F
1303 2357 1344 2385 28
1370 2356 1433 2396 ἐγὼ
1452 2354 1486 2394 S,
1507 2353 1546 2385 cs.

221 2397 278 2428 Ar.
299 2397 357 2436 Eq.
380 2409 457 2428 1021
476 2410 483 2429 ε
508 2399 605 2439 ἔγωγ’
622 2399 711 2437 vulg.

1579 881 1616 902 10

1577 1215 1613 1246 Ι5

1575 1549 1614 1571 20

1573 1883 1610 1916 ²5
