1685 2772
13 103 130 158 [887]

91 691 138 716 20

20 1034 138 1141 [8823

97 1500 142 1525 22

103 1902 147 1936 23

590 109 1078 148 ΔΗΜΟΣΘΕΝΟΎΣ
1359 105 1496 159 [xxxn

163 221 287 276 τούτῳ
312 221 382 262 τὸν
408 224 532 266 σῖτον,
561 220 674 261 οὐδὲν
704 221 806 274 αὐτῷ
831 220 981 271 μέλειν.
1044 219 1105 259 καὶ
1137 219 1197 258 ὅτι
1229 218 1335 258 ταῦτ’
1370 220 1498 269 ἀληθῆ

202 288 212 302 Ι
362 289 372 302 X
435 288 452 301 Ν
480 287 489 301 9
522 287 538 301 ἢ
608 289 617 301 5
733 289 751 298 Α
857 288 871 302 »Ι
995 288 1004 300 Ἴ
1072 285 1084 300 N
1131 287 1140 300 ξ
1177 285 1186 299 '
1220 287 1230 299 Ἴ
1290 289 1307 297 Α
1386 286 1403 300 Ἰ
1431 285 1441 300 9

164 294 282 341 λεγω,
313 305 374 328 και
409 305 476 327 ουτ
519 304 568 327 αν
601 286 817 340 εξαχθηναι
851 293 943 339 εφη,
971 304 1004 327 ει
1037 304 1091 338 μη
1121 303 1174 327 υπ
1214 302 1320 336 εμου,
1359 288 1429 326 ουθ
1476 286 1502 326 ὃ,

164 355 425 408 προύκαλεῖτο
451 354 540 405 περὶ
574 357 643 394 τοῦ
669 354 862 394 ἀναπλεῖν
890 353 1064 407 ἐδέχετο,
1092 353 1135 394 ἔν
1168 370 1210 393 τε
1235 356 1287 407 τῷ
1315 357 1402 408 πλῷ
1426 352 1500 404 τὴν

166 421 407 475 συγγραφὴν
433 420 558 467 ἔθετο,
585 420 681 473 λέγε
706 422 776 463 τὰς
794 422 1020 473 μαρτυρίας.

721 603 949 630 MAPT'rPIAl.
1523 607 1539 638 5

234 685 396 735 Ἐπειδὴ
431 684 561 725 τοίνυν
593 683 673 725 οὔτ’
709 684 926 737 ἐξάγεσθαι
958 683 1101 735 ἤθελεν
1133 683 1209 725 ὑπὸ
1242 687 1310 725 τοῦ
1334 684 1504 737 Πρώτου

168 752 248 793 οὔτ’
275 754 329 793 εἷς
353 751 424 802 τὴν
457 753 643 792 Σικελίαν
674 752 867 792 ἀναπλεῖν
898 751 963 792 ἐπὶ
996 753 1045 791 τὰ
1077 753 1219 798 δίκαια,
1247 752 1438 804 προειδώς
1468 750 1504 792 θ’

167 818 305 860 ἅπαντ’
343 819 541 870 ἐφαίνετο,
573 819 597 859 δι
635 819 654 857 ὁ
690 817 969 870 Ἡγέστρατος
1007 819 1248 871 ἐκακούργει,
1276 818 1420 859 λοιπὸν
1456 817 1505 869 ἧν

167 887 260 936 ἡμῖν
284 889 367 927 τοῖς
393 884 550 926 ἐνθένδε
574 887 646 936 μὲν
677 885 958 936 πεποιημένοις
993 885 1039 926 τὸ
1074 886 1340 936 συμβόλαιον,
1368 901 1503 937 παρει-

169 953 324 1005 ληφόσι
350 954 391 992 δὲ
417 952 485 992 τὸν
511 956 624 993 σῖτον
651 954 756 1003 παρὰ
780 956 848 992 τοῦ
874 953 1029 993 δικαίως
1057 954 1139 993 ἐκεῖ
1162 952 1386 1004 πριαμένου,
1415 950 1503 1002 ἐξά·
1527 965 1567 987 10

170 1036 256 1071 γειν
291 1022 442 1059 τοῦτον.
513 1021 554 1060 τί
587 1020 662 1071 γὰρ
698 1018 746 1059 ἂν
784 1020 846 1060 καὶ
884 1019 975 1059 ἄλλ’
1014 1020 1245 1070 ἐποιοῦμεν,·
1288 1019 1396 1059 οὔπω
1429 1019 1505 1070 γὰρ

171 1086 287 1126 τοῦτό
321 1084 358 1138 γ’
394 1086 519 1128 οὐδεὶς
554 1086 665 1137 ἡμῶν
701 1089 779 1126 τῶν
818 1089 1015 1127 κοινωνῶν
1052 1085 1271 1136 ὑπέλαβεν,
1311 1085 1361 1127 ὡς
1395 1086 1507 1135 ὑμεῖς

172 1152 381 1206 γνώσεσθέ
406 1152 494 1193 ποτ’
520 1153 620 1194 εἶναι
644 1154 784 1193 τούτου
809 1152 876 1193 τὸν
908 1156 1033 1200 σῖτον,
1061 1151 1105 1193 ὃν
1139 1155 1367 1192 καταλιπεῖν
1394 1151 1506 1192 οὗτος

173 1219 330 1262 ἔπειθεν
354 1220 443 1262 τοὺς
468 1220 622 1266 ναύτας,
650 1221 755 1262 ὅπως
781 1221 971 1260 ἀπόλοιτο
997 1223 1066 1260 τοῦ
1091 1221 1232 1260 πλοίου
1256 1218 1506 1260 καταδύντος.

174 1286 195 1328 ὃ
234 1287 296 1327 καὶ
331 1287 523 1339 μέγιστόν
560 1288 648 1328 ἐστι
685 1290 850 1338 σημεῖον
887 1291 956 1327 τοῦ
985 1289 1108 1338 μηδὲν
1145 1285 1360 1339 προσήκειν
1390 1285 1505 1340 αὐτῷ.
1530 1297 1567 1330 15

174 1356 234 1397 τίς
257 1357 333 1407 γὰρ
359 1354 407 1395 ἂν
431 1358 499 1395 τὸν
532 1357 670 1395 ἑαυτοῦ
701 1359 814 1395 σῖτον
848 1355 981 1395 ἔπειθε
1014 1353 1210 1407 προέσθαι
1244 1353 1334 1395 τοὺς
1365 1351 1508 1408 σῴζειν

174 1420 464 1473 βουλομένους;
503 1418 525 1472 ἢ
551 1423 610 1463 τίς
636 1421 703 1462 οὐκ
729 1421 776 1462 ἂν
807 1421 920 1463 ἔπλει
949 1420 1163 1472 δεξάμενος
1187 1421 1258 1471 τὴν
1283 1421 1506 1473 πρόκλησιν

175 1490 230 1530 εἰς
257 1488 329 1538 τὴν
360 1489 556 1534 Σικελίαν,
595 1489 639 1528 οὗ
669 1488 774 1529 ταῦτ’
805 1487 852 1539 ἦν
886 1488 1049 1541 ἐλέγξαι
1087 1491 1282 1540 καθαρῶς;
1336 1489 1398 1528 καὶ
1430 1486 1507 1538 μὴν

175 1555 264 1596 οὐδὲ
288 1555 392 1595 τοῦτ’
418 1554 638 1607 ἐμέλλομεν
662 1557 769 1606 ὑμῶν
796 1556 1140 1608 καταγνώσεσθαι,
1164 1555 1215 1597 ὡς
1241 1555 1509 1607 εἰσαγώγιμον

175 1625 401 1675 ψηφιεῖσθε
425 1623 549 1677 τούτῳ
576 1622 647 1673 τὴν
684 1624 795 1672 δίκην
829 1624 918 1675 περὶ
944 1623 1093 1663 τούτων
1126 1626 1201 1663 τῶν
1232 1621 1457 1676 χρημάτων,
1485 1621 1509 1661 ἃ
1530 1633 1570 1655 20

178 1691 275 1730 κατὰ
300 1689 475 1730 πολλοὺς
499 1690 667 1741 τρόπους
693 1689 806 1732 οὗτος
833 1690 1025 1742 ἔπραττεν
1051 1691 1154 1730 ὅπως
1179 1689 1232 1740 μὴ
1259 1689 1508 1741 εἰσαγώγιμα

177 1755 280 1809 δεῦρ’
313 1756 439 1803 ἔσται,
467 1760 620 1808 πρῶτον
657 1758 729 1807 μὲν
763 1757 821 1797 ὅτ’
847 1757 944 1797 αὐτὰ
979 1760 1210 1797 καταλιπεῖν
1246 1756 1336 1798 τοὺς
1365 1755 1509 1796 ναύτας

179 1824 346 1870 ἔπειθεν,
375 1823 445 1864 εἶθ’
474 1823 530 1863 ὅτ’
565 1825 607 1864 ἐν
644 1825 907 1879 Κεφαλληνίᾳ
932 1824 984 1875 μὴ
1020 1827 1131 1876 δεῦρο
1161 1827 1278 1864 πλεῖν
1310 1822 1381 1873 τὴν
1414 1823 1509 1863 ναῦν

179 1891 383 1943 ἔπραττεν.
456 1895 537 1933 πῶς
561 1892 636 1943 γὰρ
663 1891 729 1931 οὐκ
756 1891 925 1945 αἰσχρὸν
961 1891 1023 1931 καὶ
1048 1890 1177 1931 δεινὸν
1206 1891 1254 1930 ἂν
1279 1889 1448 1942 γένοιτο,
1475 1889 1509 1929 εἶ

181 1960 446 2010 Κεφαλλῆνες
470 1957 556 2009 μέν,
584 1959 689 2000 ὅπως
725 1962 808 2001 τοῖς
833 1958 1060 2008 Ἀθηναίοις
1097 1960 1208 2014 σωθῇ
1232 1958 1280 1997 τὰ
1311 1955 1508 2010 χρήματα,
1531 1969 1568 2000 25

180 2027 291 2077 δεῦρο
312 2028 430 2065 πλεῖν
459 2025 531 2075 τὴν
567 2029 662 2066 ναῦν
697 2025 864 2078 ἔκριναν,
891 2027 999 2076 ὑμεῖς
1030 2024 1062 2063 δ’
1087 2026 1199 2065 ὄντες
1232 2023 1436 2074 Ἀθηναῖοι
1463 2023 1511 2062 τὰ

225 2143 243 2172 3
267 2136 339 2174 πλῷ
357 2134 397 2167 Α,
418 2134 460 2166 cf.
479 2134 561 2174 Arg.
583 2138 597 2172 §
617 2145 658 2165 2:
684 2135 786 2175 πλοίῳ
806 2134 848 2165 S:
873 2134 974 2166 πλείω
993 2134 1085 2172 vulg.
1249 2143 1270 2172 9
1294 2131 1419 2164 ἐνθένδε
1435 2130 1511 2172 μὲν]

183 2178 292 2209 ἐνθάδε
312 2177 336 2207 F
349 2177 379 2216 Q
394 2177 423 2207 D
513 2178 730 2218 παρειληφόσι
749 2179 816 2216 (oen
832 2178 866 2207 in
884 2188 948 2208 ras.
968 2177 989 2207 ii
1007 2177 1085 2217 litt.)
1104 2176 1128 2207 S
1265 2186 1300 2206 11
1327 2177 1378 2207 καὶ
1395 2185 1458 2205 om.
1480 2174 1512 2204 A

187 2231 223 2251 12
249 2221 410 2258 ὑπέλαβεν
430 2220 453 2251 S
467 2221 495 2252 A
517 2232 524 2251 :
549 2222 777 2260 ὑπελάμβανεν
792 2221 881 2260 vulg.
1047 2231 1086 2259 13
1110 2220 1320 2252 καταλείπειν
1338 2220 1373 2256 S,
1393 2219 1452 2248 sed
1469 2217 1510 2249 cf.

184 2267 199 2301 ξ
220 2275 260 2294 22
440 2273 476 2303 17
501 2263 538 2303 ἢ]
564 2266 590 2296 εἰ
607 2264 646 2295 S¹
824 2274 864 2303 19
889 2265 1027 2304 ἔμελλον
1043 2264 1160 2296 codd.:
1186 2263 1368 2303 ἐμέλλομεν
1386 2261 1512 2291 Reiske

183 2309 271 2346 ἡμῶν
285 2307 308 2337 S
410 2318 452 2338 20
475 2310 645 2349 ψηφιεῖσθε
667 2308 867 2348 (ψηφιεῖσθαι
884 2318 934 2347 pr.
952 2308 1013 2346 m.)
1031 2307 1135 2348 τούτῳ
1153 2307 1195 2337 S:
1221 2306 1325 2346 τούτῳ
1342 2307 1512 2346 ψηφιεῖσθε

183 2352 271 2390 vulg.
385 2361 425 2390 23
451 2351 575 2383 ἔπειθον
593 2351 616 2382 S
728 2362 769 2389 24
795 2351 955 2393 ἔπραττον
973 2351 997 2381 S
1017 2351 1112 2393 (ραττ
1130 2350 1162 2380 in
1181 2351 1262 2387 ras.)
1383 2358 1424 2387 25
1447 2350 1514 2380 τοῖς

182 2405 245 2426 om.
264 2394 354 2432 QD:
380 2395 452 2425 hab.
475 2394 581 2426 Bekk.
603 2394 732 2426 Anecd.
753 2405 784 2434 p.
807 2405 878 2435 159.
900 2404 942 2434 30
