1685 2772
62 112 179 167 [977]
633 121 1119 161 ΔΗΜΟΣΘΕΝΟΎΣ
1380 117 1545 172 [xxxvn

209 231 305 285 πρὸς
341 231 520 274 ἅπαντας
554 232 646 274 τοὺς
682 231 938 284 προϊεμένους
971 232 1019 271 τὰ
1053 233 1201 272 ἑαυτῶν
1236 231 1316 271 εἰσί
1345 248 1411 271 σοι
1447 232 1550 272 δίκαι

132 309 175 346 37
206 301 456 351 μεταλλικαί.
520 299 613 339 ἀλλ’
633 299 677 338 οὗ
697 300 862 339 δίκαιον.
926 297 1024 351 φέρε
1042 297 1131 351 γάρ,
1152 298 1264 340 ὅστις
1282 298 1330 338 ἂν
1348 297 1549 349 μέταλλον

207 369 312 418 παρὰ
345 369 415 417 τῆς
451 367 606 407 πόλεως
638 367 812 418 πρίηται,
839 365 930 408 τοὺς
966 364 1118 406 κοινοὺς
1151 366 1360 417 παρελθὼν
1392 366 1546 416 νόμους,

209 433 293 474 καθ’
319 434 385 475 οὓς
411 433 472 473 καὶ
499 434 649 474 διδόναι
676 433 738 473 καὶ
763 432 989 484 λαμβάνειν
1014 435 1116 473 πᾶσι
1141 430 1333 484 προσήκει
1357 433 1478 478 δίκας,
1507 433 1550 473 ἐν

208 505 292 542 ταῖς
316 504 575 552 μεταλλικαῖς
601 499 820 547 δικάσεται,
844 501 913 541 ἐὰν
934 499 1165 550 δανείσηται
1187 498 1295 551 παρά
1317 515 1406 546 του,·
1442 499 1484 539 τί
1499 498 1546 547 δ’,
1567 506 1586 539 5

208 567 257 608 ἂν
291 572 417 609 κακῶς
452 567 622 624 ἀκούσῃ;
661 567 710 608 ἂν
742 568 902 620 πληγὰς
933 566 1067 623 λάβῃ,·
1109 565 1158 608 ἂν
1192 565 1343 617 κλοπὴν
1376 567 1547 624 ἐγκαλῇ,’

134 640 179 682 38
209 634 257 675 ἂν
283 637 559 687 προεισφορὰν
584 635 636 687 μὴ
666 635 885 687 κομίζηται;
924 633 973 675 ἂν
998 636 1102 676 ὅλως
1136 633 1238 674 ἄλλο
1270 651 1327 681 τι;
1366 634 1444 687 ἐγὼ
1475 635 1550 685 μὲν

209 702 276 742 οὐκ
304 704 446 754 οἴομαι,
470 704 577 743 ἀλλὰ
601 705 670 744 τὰς
694 704 939 754 μεταλλικὰς
964 701 1066 743 εἶναι
1090 703 1199 744 δίκας
1217 705 1299 743 τοῖς
1318 704 1551 742 κοινωνοῦσι

207 769 410 821 μετάλλου
443 769 506 810 καὶ
542 773 624 812 τοῖς
651 771 785 822 ἕτερον
811 768 1088 823 συντρήσασιν
1112 770 1168 812 εἰς
1196 770 1246 809 τὰ
1270 773 1349 810 τῶν
1375 769 1550 820 πλησίον

209 838 272 878 καὶ
297 838 402 879 ὅλως
427 841 506 878 τοῖς
533 836 808 890 ἐργαζομένοις
834 838 882 877 τὰ
907 835 1090 888 μέταλλα
1118 836 1180 876 καὶ
1204 840 1282 877 τῶν
1302 838 1345 877 ἐν
1363 839 1416 891 τῷ
1444 836 1549 891 νόμῳ
1572 851 1612 873 10

207 922 244 945 τι
271 908 466 951 ποιοῦσιν,
488 908 540 959 τῷ
561 906 602 944 δὲ
623 906 852 945 δανείσαντι
873 904 1144 958 Πανταινέτῳ,
1168 905 1232 944 καὶ
1257 903 1363 944 ταῦτ’
1383 905 1548 954 ἀπειλη-

209 972 304 1025 φότι
341 973 549 1025 γλίσχρως
589 971 652 1012 καὶ
693 972 810 1023 μόλις
848 973 954 1023 παρὰ
995 972 1148 1017 τούτου,
1194 970 1262 1011 οὐκ
1299 970 1400 1012 εἶναι
1440 971 1551 1022 δίκην

207 1038 452 1090 μεταλλικὴν
478 1039 573 1091 πρὸς
599 1038 804 1091 φευκτέον,
832 1038 913 1079 οὐδ’
940 1039 1070 1091 ἐγγύς.

135 1115 179 1149 39
275 1106 350 1148 “Ως
381 1109 454 1157 μὲν
480 1107 548 1147 οὖν
573 1106 653 1146 οὔτ’
679 1106 845 1156 ἠδίκηκα
874 1108 1012 1146 τοῦτον
1037 1106 1152 1147 οὐδὲν
1177 1105 1257 1146 οὔτ’
1283 1106 1552 1159 εἰσαγώγιμος

211 1175 253 1213 ἐκ
289 1177 366 1214 τῶν
396 1173 528 1224 νόμων
559 1174 671 1214 ἐστὶν
701 1173 724 1224 ἡ
755 1175 854 1224 δίκη,
890 1172 998 1213 ταῦτ’
1035 1172 1083 1213 ἄν
1115 1190 1174 1215 τις
1212 1176 1374 1214 σκοπῶν
1408 1174 1552 1228 ῥᾳδίως
1573 1187 1611 1219 15

61 1240 179 1296 [978]
211 1241 338 1292 γνοίη.
397 1241 510 1281 οὐδὲν
535 1242 667 1281 τοίνυν
693 1241 843 1281 δίκαιον
870 1241 975 1294 ἔχων
1001 1241 1090 1280 οὐδὲ
1117 1239 1200 1280 καθ’
1227 1240 1268 1280 ἓν
1293 1239 1430 1293 λέγειν
1452 1241 1551 1292 ὑπὲρ

210 1308 265 1348 ὧν
292 1309 465 1360 ἐγκαλεῖ,
493 1308 600 1348 ἀλλὰ
632 1308 693 1348 καὶ
722 1310 851 1360 ψευδῆ
882 1308 1096 1360 γεγραφὼς
1127 1308 1183 1348 εἷς
1208 1306 1253 1347 τὸ
1283 1306 1462 1359 ἔγκλημα
1488 1307 1551 1347 καὶ

211 1376 299 1427 περὶ
325 1376 379 1415 ὧν
399 1376 529 1427 ἀφῆκε
555 1375 820 1426 δικαζόμενος,
847 1378 916 1414 τοῦ
943 1373 1176 1424 ἐξελθόντος
1201 1374 1337 1425 μηνός,
1360 1372 1390 1413 ὦ
1414 1373 1551 1426 ἄνδρες

212 1442 429 1492 Ἀθηναῖοι,
467 1442 601 1492 ἐπειδὴ
650 1442 822 1493 ἔμελλον
864 1440 1033 1482 εἰσιέναι
1074 1440 1146 1491 τὴν
1185 1441 1309 1492 δίκην,
1353 1440 1425 1492 ἤδη
1473 1445 1551 1481 τῶν

213 1510 476 1561 δικαστηρίων
508 1508 899 1561 ἐπικεκληρωμένων,
935 1509 1172 1560 προσελθὼν
1208 1508 1271 1548 καὶ
1304 1507 1552 1560 περιστήσας
1573 1522 1613 1543 20

212 1577 302 1617 τοὺς
330 1576 416 1627 μεθ’
442 1579 591 1622 ἑαυτοῦ,
618 1575 663 1616 τὸ
694 1575 957 1629 ἐργαστήριον
981 1580 1060 1616 τῶν
1088 1575 1365 1621 συνεστώτων,
1393 1578 1553 1628 πρᾶγμα

136 1664 181 1695 4ο
213 1647 319 1684 ποιεῖ
335 1643 559 1684 πάνδεινον·
587 1644 880 1696 ἀναγιγνώσκει
901 1660 969 1695 μοι
988 1643 1214 1695 πρόκλησιν
1232 1641 1397 1695 μακράν,
1417 1641 1550 1693 ἀξιῶν,

213 1711 259 1750 ὅν
284 1716 411 1763 φησιν
437 1709 592 1761 οἰκέτην
620 1714 742 1750 ταῦτα
774 1710 1010 1756 συνειδέναι,
1044 1710 1352 1761 βασανίζεσθαι,
1382 1708 1451 1750 κᾶν
1478 1711 1552 1761 μὲν

213 1777 237 1833 ᾗ
269 1777 376 1817 ταῦτ’
407 1778 548 1829 ἀληθῆ,
587 1777 659 1828 τὴν
696 1779 806 1828 δίκην
843 1778 1033 1829 ἀτίμητον
1066 1779 1212 1831 ὀφλεῖν
1249 1778 1364 1831 αὐτῷ,
1405 1778 1473 1817 ἐὰν
1509 1777 1551 1816 δὲ

214 1847 356 1897 ψευδῆ,
390 1844 458 1886 τὸν
493 1845 751 1896 βασανιστὴν
789 1844 1029 1896 Μνησικλέα
1073 1843 1311 1897 ἐπιγνώμον’
1349 1843 1448 1884 εἶναι
1482 1845 1552 1894 τῆς
1572 1855 1611 1887 25

215 1914 328 1963 τιμῆς
364 1914 433 1963 τῆς
468 1916 537 1953 τοῦ
573 1913 724 1954 παιδός.
796 1913 939 1963 λαβὼν
977 1911 1011 1952 δ’
1047 1913 1242 1964 ἐγγυητὰς
1277 1911 1426 1951 τούτων
1462 1908 1552 1963 παρ’

218 1981 323 2030 ἐμοῦ,
352 1979 414 2020 καὶ
441 1979 720 2031 σημηναμένου
744 1979 816 2029 τὴν
843 1979 1068 2032 πρόκλησιν
1095 1981 1201 2030 ἐμοῦ,
1229 1978 1302 2032 οὐχ
1328 1978 1378 2020 ὥς
1403 1978 1551 2018 δίκαιον

266 2098 278 2118 Ι
305 2087 522 2130 προϊεμένους]
542 2089 618 2119 add.
638 2101 688 2120 σοι
705 2087 736 2118 Α
825 2098 844 2127 5
869 2093 945 2128 post
961 2090 1175 2128 μεταλλικαῖς
1193 2088 1270 2118 add.
1290 2088 1390 2120 δίκαις
1409 2086 1441 2117 Α
1500 2086 1554 2119 ἐὰν

219 2132 266 2162 S:
291 2132 324 2163 τί
341 2131 387 2169 δέ,
407 2133 445 2164 ἂν
461 2132 549 2170 vulg.
615 2133 647 2163 τί
664 2131 699 2163 δέ
716 2131 785 2170 (vel
804 2132 869 2171 δαί)
888 2132 977 2170 vulg.
995 2142 1002 2161 :
1028 2134 1059 2163 τί
1078 2132 1159 2171 (sic)
1179 2132 1202 2162 S
1308 2132 1329 2161 6
1355 2132 1411 2163 ἐὰν
1426 2131 1552 2168 κλοπὴν

219 2175 243 2205 S
334 2185 351 2214 7
378 2176 549 2215 κομίσηται
568 2175 598 2205 Α
697 2176 779 2208 ὅλως
797 2176 885 2214 vulg.
904 2186 911 2205 :
936 2176 1044 2207 ἄλλως
1063 2175 1106 2206 S:
1132 2186 1197 2206 orn.
1218 2174 1249 2205 A
1339 2175 1360 2204 8
1384 2177 1487 2213 οἴομαι
1505 2173 1528 2204 S
1544 2185 1550 2204 :
1597 2196 1599 2199 -

219 2219 303 2258 οἶμαι
328 2219 418 2257 vulg.
519 2230 540 2257 9
564 2221 632 2251 τοῖς
658 2218 768 2260 ἕτερον
793 2219 1013 2260 συντρήσασιν
1038 2220 1080 2250 εἰς
1105 2219 1147 2250 τὰ
1172 2219 1225 2258 (τὸ
1252 2217 1298 2258 A)
1323 2221 1388 2250 τῶν
1411 2217 1553 2255 πλησίον

220 2263 341 2293 codd.:
369 2265 436 2294 τοῖς
462 2263 525 2293 del.
555 2262 710 2301 Lipsius:
741 2262 853 2302 ἕτερον
879 2263 942 2293 del.
963 2260 1070 2299 Wolf,
1096 2262 1250 2294 Dobree:
1280 2264 1349 2294 τοῖς
1374 2262 1418 2294 εἷς
1443 2260 1552 2302 ἕτερον

221 2306 441 2348 συντρήσασιν
457 2306 580 2336 deletis
597 2305 735 2345 reliquis
754 2306 882 2336 Reiske
975 2315 1011 2335 11
1037 2306 1089 2338 καὶ
1107 2319 1165 2337 αυτ
1185 2306 1209 2336 S
1301 2314 1340 2335 12
1363 2306 1396 2345 γ’
1411 2316 1551 2346 αισχρως

223 2349 260 2379 Sl
364 2360 400 2387 14
426 2350 604 2388 ἠδίκηκα-ἰὰ
623 2349 647 2380 S
757 2350 795 2380 18
819 2348 919 2389 μηνός
936 2354 1014 2379 ante
1029 2348 1052 2380 ὦ
1073 2349 1096 2379 S
1112 2361 1119 2380 ε
1145 2353 1222 2389 post
1239 2347 1286 2380 Ἀ.
1306 2348 1398 2387 vulg.
1514 2357 1552 2385 19

220 2393 280 2430 ἤδη
297 2403 363 2423 om.
377 2393 408 2422 A
532 2394 640 2431 125-26
663 2396 722 2431 τῆς
738 2394 832 2433 τίμης
851 2393 929 2425 εἶναι
945 2392 976 2422 Α
1082 2394 1125 2423 26
1149 2395 1208 2430 τῆς
1225 2394 1282 2424 τοῦ
1302 2392 1325 2422 S
1341 2391 1411 2433 (me
1425 2390 1528 2432 teste)
1545 2402 1552 2421 :

221 2439 278 2467 τοῦ
295 2436 384 2474 vulg.
