<?xml version="1.0" encoding="UTF-8"?>
<!DOCTYPE html PUBLIC "-//W3C//DTD XHTML 1.0 Transitional//EN"
    "http://www.w3.org/TR/xhtml1/DTD/xhtml1-transitional.dtd">
<html xmlns="http://www.w3.org/1999/xhtml" xml:lang="en" lang="en">
 <head>
  <title>
</title>
<meta http-equiv="Content-Type" content="text/html;charset=utf-8" />
  <meta name='ocr-system' content='tesseract 3.04.00' />
  <meta name='ocr-capabilities' content='ocr_page ocr_carea ocr_par ocr_line ocrx_word'/>
</head>
<body>
  <div class='ocr_page' id='page_1' title='image "./p2orationesrecog02demouoft_0080.png"; bbox 0 0 1685 2772; ppageno 0'>
   <div class='ocr_carea' id='block_1_1' title="bbox 38 119 151 176">
    <p class='ocr_par' dir='ltr' id='par_1_1' title="bbox 38 119 151 176">
     <span class='ocr_line' id='line_1_1' title="bbox 38 119 151 176; baseline 0.018 -3"><span class='ocrx_word' id='word_1_1' title='bbox 38 119 151 176; x_wconf 84' lang='lat'>[878]</span> 
     </span>
    </p>
   </div>
   <div class='ocr_carea' id='block_1_2' title="bbox 113 389 151 414">
    <p class='ocr_par' dir='ltr' id='par_1_2' title="bbox 113 389 151 414">
     <span class='ocr_line' id='line_1_2' title="bbox 113 389 151 414; baseline 0 0"><span class='ocrx_word' id='word_1_2' title='bbox 113 389 151 414; x_wconf 86' lang='lat'>11</span> 
     </span>
    </p>
   </div>
   <div class='ocr_carea' id='block_1_3' title="bbox 35 575 154 630">
    <p class='ocr_par' dir='ltr' id='par_1_3' title="bbox 35 575 154 630">
     <span class='ocr_line' id='line_1_3' title="bbox 35 575 154 630; baseline 0 0"><span class='ocrx_word' id='word_1_3' title='bbox 35 575 154 630; x_wconf 80' lang='lat'>[879]</span> 
     </span>
    </p>
   </div>
   <div class='ocr_carea' id='block_1_4' title="bbox 118 1124 158 1149">
    <p class='ocr_par' dir='ltr' id='par_1_4' title="bbox 118 1124 158 1149">
     <span class='ocr_line' id='line_1_4' title="bbox 118 1124 158 1149; baseline 0 0"><span class='ocrx_word' id='word_1_4' title='bbox 118 1124 158 1149; x_wconf 87' lang='lat'>12</span> 
     </span>
    </p>
   </div>
   <div class='ocr_carea' id='block_1_5' title="bbox 119 1659 161 1693">
    <p class='ocr_par' dir='ltr' id='par_1_5' title="bbox 119 1659 161 1693">
     <span class='ocr_line' id='line_1_5' title="bbox 119 1659 161 1693; baseline 0 0"><span class='ocrx_word' id='word_1_5' title='bbox 119 1659 161 1693; x_wconf 86' lang='lat'>13</span> 
     </span>
    </p>
   </div>
   <div class='ocr_carea' id='block_1_6' title="bbox 611 121 1517 177">
    <p class='ocr_par' dir='ltr' id='par_1_6' title="bbox 611 121 1517 177">
     <span class='ocr_line' id='line_1_6' title="bbox 611 121 1517 177; baseline 0 -11"><span class='ocrx_word' id='word_1_6' title='bbox 611 127 1101 166; x_wconf 73' lang='grc' dir='ltr'>ΔΗΜΟΣΘΕΝΟὙΣ</span> <span class='ocrx_word' id='word_1_7' title='bbox 1396 121 1517 177; x_wconf 70' lang='lat' dir='ltr'><strong>[xxm</strong></span> 
     </span>
    </p>
   </div>
   <div class='ocr_carea' id='block_1_7' title="bbox 184 235 1526 1161">
    <p class='ocr_par' dir='ltr' id='par_1_7' title="bbox 184 235 1526 1161">
     <span class='ocr_line' id='line_1_7' title="bbox 184 235 1519 292; baseline -0.004 -11"><span class='ocrx_word' id='word_1_8' title='bbox 184 240 271 281; x_wconf 81' lang='grc' dir='ltr'>ἔστι</span> <span class='ocrx_word' id='word_1_9' title='bbox 295 237 507 291; x_wconf 87' lang='grc' dir='ltr'>τεκμήριον</span> <span class='ocrx_word' id='word_1_10' title='bbox 531 236 576 278; x_wconf 78' lang='grc' dir='ltr'>οὗ</span> <span class='ocrx_word' id='word_1_11' title='bbox 603 237 726 288; x_wconf 88' lang='grc' dir='ltr'>μόνον</span> <span class='ocrx_word' id='word_1_12' title='bbox 750 239 818 278; x_wconf 84' lang='grc' dir='ltr'>τοῦ</span> <span class='ocrx_word' id='word_1_13' title='bbox 843 236 916 287; x_wconf 79' lang='grc' dir='ltr'>τὴν</span> <span class='ocrx_word' id='word_1_14' title='bbox 939 240 1105 289; x_wconf 87' lang='grc' dir='ltr'>γυναῖκα</span> <span class='ocrx_word' id='word_1_15' title='bbox 1131 240 1329 277; x_wconf 79' lang='grc' dir='ltr'>συνοικεῖν</span> <span class='ocrx_word' id='word_1_16' title='bbox 1347 235 1519 292; x_wconf 83' lang='grc' dir='ltr'>Ἀφόβῳ</span> 
     </span>
     <span class='ocr_line' id='line_1_8' title="bbox 186 302 1520 358; baseline -0.003 -11"><span class='ocrx_word' id='word_1_17' title='bbox 186 307 249 347; x_wconf 84' lang='grc' dir='ltr'>καὶ</span> <span class='ocrx_word' id='word_1_18' title='bbox 273 310 412 347; x_wconf 81' lang='grc' dir='ltr'>τοῦτον</span> <span class='ocrx_word' id='word_1_19' title='bbox 448 305 602 347; x_wconf 84' lang='grc' dir='ltr'>οἰκείως</span> <span class='ocrx_word' id='word_1_20' title='bbox 638 305 760 358; x_wconf 81' lang='grc' dir='ltr'>ἔχειν,</span> <span class='ocrx_word' id='word_1_21' title='bbox 787 305 894 344; x_wconf 81' lang='grc' dir='ltr'>ἀλλὰ</span> <span class='ocrx_word' id='word_1_22' title='bbox 931 303 994 344; x_wconf 89' lang='grc' dir='ltr'>καὶ</span> <span class='ocrx_word' id='word_1_23' title='bbox 1027 307 1096 343; x_wconf 84' lang='grc' dir='ltr'>τοῦ</span> <span class='ocrx_word' id='word_1_24' title='bbox 1129 302 1183 355; x_wconf 76' lang='grc' dir='ltr'>μὴ</span> <span class='ocrx_word' id='word_1_25' title='bbox 1213 302 1424 344; x_wconf 84' lang='grc' dir='ltr'>δεδωκέναι</span> <span class='ocrx_word' id='word_1_26' title='bbox 1447 303 1520 353; x_wconf 83' lang='grc' dir='ltr'>τὴν</span> 
     </span>
     <span class='ocr_line' id='line_1_9' title="bbox 185 370 1519 426; baseline -0.004 -11"><span class='ocrx_word' id='word_1_27' title='bbox 185 377 340 426; x_wconf 81' lang='grc' dir='ltr'>προῖκα,</span> <span class='ocrx_word' id='word_1_28' title='bbox 400 373 459 414; x_wconf 89' lang='grc' dir='ltr'>τίς</span> <span class='ocrx_word' id='word_1_29' title='bbox 501 374 577 425; x_wconf 82' lang='grc' dir='ltr'>γὰρ</span> <span class='ocrx_word' id='word_1_30' title='bbox 625 372 843 424; x_wconf 85' lang='grc' dir='ltr'>ἀνθρώπων</span> <span class='ocrx_word' id='word_1_31' title='bbox 889 370 1044 421; x_wconf 86' lang='grc' dir='ltr'>ἠλίθιός</span> <span class='ocrx_word' id='word_1_32' title='bbox 1092 371 1205 411; x_wconf 89' lang='grc' dir='ltr'>ἐστιν</span> <span class='ocrx_word' id='word_1_33' title='bbox 1252 370 1375 413; x_wconf 82' lang='grc' dir='ltr'>οὕτως</span> <span class='ocrx_word' id='word_1_34' title='bbox 1422 370 1519 410; x_wconf 87' lang='grc' dir='ltr'>ὥστ’</span> 
     </span>
     <span class='ocr_line' id='line_1_10' title="bbox 187 437 1521 494; baseline -0.003 -12"><span class='ocrx_word' id='word_1_35' title='bbox 187 442 373 494; x_wconf 88' lang='grc' dir='ltr'>ἀργύριον</span> <span class='ocrx_word' id='word_1_36' title='bbox 418 442 492 492; x_wconf 81' lang='grc' dir='ltr'>μὲν</span> <span class='ocrx_word' id='word_1_37' title='bbox 538 439 628 482; x_wconf 85' lang='grc' dir='ltr'>δοὺς</span> <span class='ocrx_word' id='word_1_38' title='bbox 670 443 875 485; x_wconf 84' lang='grc' dir='ltr'>τοσοῦτον,</span> <span class='ocrx_word' id='word_1_39' title='bbox 925 437 1049 480; x_wconf 81' lang='grc' dir='ltr'>ἔπειθ’</span> <span class='ocrx_word' id='word_1_40' title='bbox 1097 437 1140 478; x_wconf 78' lang='grc' dir='ltr'>ἓν</span> <span class='ocrx_word' id='word_1_41' title='bbox 1184 437 1327 488; x_wconf 81' lang='grc' dir='ltr'>λαβὼν</span> <span class='ocrx_word' id='word_1_42' title='bbox 1373 438 1521 491; x_wconf 84' lang='grc' dir='ltr'>χωρίον</span> 
     </span>
     <span class='ocr_line' id='line_1_11' title="bbox 186 505 1519 560; baseline -0.004 -11"><span class='ocrx_word' id='word_1_43' title='bbox 186 507 570 560; x_wconf 81' lang='grc' dir='ltr'>ἀμφισβητούμενον</span> <span class='ocrx_word' id='word_1_44' title='bbox 591 508 645 549; x_wconf 82' lang='grc' dir='ltr'>εἰς</span> <span class='ocrx_word' id='word_1_45' title='bbox 665 506 919 557; x_wconf 84' lang='grc' dir='ltr'>ἀποτίμησιν,</span> <span class='ocrx_word' id='word_1_46' title='bbox 939 505 1014 546; x_wconf 80' lang='grc' dir='ltr'>σὺν</span> <span class='ocrx_word' id='word_1_47' title='bbox 1033 507 1092 547; x_wconf 77' lang='grc' dir='ltr'>οἷς</span> <span class='ocrx_word' id='word_1_48' title='bbox 1106 505 1298 557; x_wconf 83' lang='grc' dir='ltr'>πρότερον</span> <span class='ocrx_word' id='word_1_49' title='bbox 1317 505 1519 555; x_wconf 79' lang='grc' dir='ltr'>ἐζημίωτο,</span> 
     </span>
     <span class='ocr_line' id='line_1_12' title="bbox 186 571 1522 625; baseline -0.001 -10"><span class='ocrx_word' id='word_1_50' title='bbox 186 575 255 616; x_wconf 85' lang='grc' dir='ltr'>τὸν</span> <span class='ocrx_word' id='word_1_51' title='bbox 279 573 512 625; x_wconf 82' lang='grc' dir='ltr'>ἀδικήσανθ’</span> <span class='ocrx_word' id='word_1_52' title='bbox 540 574 592 616; x_wconf 84' lang='grc' dir='ltr'>ὡς</span> <span class='ocrx_word' id='word_1_53' title='bbox 616 574 768 614; x_wconf 88' lang='grc' dir='ltr'>δίκαιόν</span> <span class='ocrx_word' id='word_1_54' title='bbox 799 590 837 613; x_wconf 93' lang='grc' dir='ltr'>τι</span> <span class='ocrx_word' id='word_1_55' title='bbox 869 571 1092 622; x_wconf 85' lang='grc' dir='ltr'>ποιήσοντα</span> <span class='ocrx_word' id='word_1_56' title='bbox 1122 572 1184 612; x_wconf 86' lang='grc' dir='ltr'>καὶ</span> <span class='ocrx_word' id='word_1_57' title='bbox 1213 575 1282 612; x_wconf 84' lang='grc' dir='ltr'>τοῦ</span> <span class='ocrx_word' id='word_1_58' title='bbox 1310 573 1381 622; x_wconf 88' lang='grc' dir='ltr'>τῆς</span> <span class='ocrx_word' id='word_1_59' title='bbox 1413 573 1522 622; x_wconf 83' lang='grc' dir='ltr'>δίκης</span> 
     </span>
     <span class='ocr_line' id='line_1_13' title="bbox 187 637 1522 695; baseline -0.001 -13"><span class='ocrx_word' id='word_1_60' title='bbox 187 641 420 695; x_wconf 83' lang='grc' dir='ltr'>ὀφλήματος</span> <span class='ocrx_word' id='word_1_61' title='bbox 454 640 859 694; x_wconf 87' lang='grc' dir='ltr'>προσεγγυήσασθαι;</span> <span class='ocrx_word' id='word_1_62' title='bbox 899 640 977 692; x_wconf 84' lang='grc' dir='ltr'>ἐγὼ</span> <span class='ocrx_word' id='word_1_63' title='bbox 1007 641 1081 691; x_wconf 79' lang='grc' dir='ltr'>μὲν</span> <span class='ocrx_word' id='word_1_64' title='bbox 1112 637 1240 680; x_wconf 83' lang='grc' dir='ltr'>οὐδέν’</span> <span class='ocrx_word' id='word_1_65' title='bbox 1274 638 1395 690; x_wconf 79' lang='grc' dir='ltr'>οἶμαι.</span> <span class='ocrx_word' id='word_1_66' title='bbox 1460 639 1522 680; x_wconf 87' lang='grc' dir='ltr'>καὶ</span> 
     </span>
     <span class='ocr_line' id='line_1_14' title="bbox 187 705 1521 762; baseline -0.004 -12"><span class='ocrx_word' id='word_1_67' title='bbox 187 712 264 762; x_wconf 79' lang='grc' dir='ltr'>γὰρ</span> <span class='ocrx_word' id='word_1_68' title='bbox 304 710 394 750; x_wconf 79' lang='grc' dir='ltr'>οὐδὲ</span> <span class='ocrx_word' id='word_1_69' title='bbox 434 709 560 761; x_wconf 90' lang='grc' dir='ltr'>λόγον</span> <span class='ocrx_word' id='word_1_70' title='bbox 594 707 639 747; x_wconf 84' lang='grc' dir='ltr'>τὸ</span> <span class='ocrx_word' id='word_1_71' title='bbox 675 706 822 760; x_wconf 75' lang='grc' dir='ltr'>πρᾶγμ’</span> <span class='ocrx_word' id='word_1_72' title='bbox 861 706 956 760; x_wconf 82' lang='grc' dir='ltr'>ἕχον</span> <span class='ocrx_word' id='word_1_73' title='bbox 993 706 1119 753; x_wconf 88' lang='grc' dir='ltr'>ἐστίν,</span> <span class='ocrx_word' id='word_1_74' title='bbox 1159 706 1228 746; x_wconf 85' lang='grc' dir='ltr'>τὸν</span> <span class='ocrx_word' id='word_1_75' title='bbox 1262 705 1380 746; x_wconf 83' lang='grc' dir='ltr'>αὐτὸν</span> <span class='ocrx_word' id='word_1_76' title='bbox 1419 707 1521 760; x_wconf 82' lang='grc' dir='ltr'>αὑτῷ</span> 
     </span>
     <span class='ocr_line' id='line_1_15' title="bbox 189 772 1523 829; baseline -0.004 -12"><span class='ocrx_word' id='word_1_77' title='bbox 189 776 241 829; x_wconf 77' lang='grc' dir='ltr'>μὴ</span> <span class='ocrx_word' id='word_1_78' title='bbox 284 776 500 826; x_wconf 82' lang='grc' dir='ltr'>δυνάμενον</span> <span class='ocrx_word' id='word_1_79' title='bbox 550 774 791 825; x_wconf 86' lang='grc' dir='ltr'>κομίσασθαι</span> <span class='ocrx_word' id='word_1_80' title='bbox 838 772 1048 819; x_wconf 85' lang='grc' dir='ltr'>τάλαντον,</span> <span class='ocrx_word' id='word_1_81' title='bbox 1099 777 1237 813; x_wconf 83' lang='grc' dir='ltr'>τοῦτον</span> <span class='ocrx_word' id='word_1_82' title='bbox 1286 773 1398 828; x_wconf 80' lang='grc' dir='ltr'>ἄλλῳ</span> <span class='ocrx_word' id='word_1_83' title='bbox 1446 773 1523 813; x_wconf 89' lang='grc' dir='ltr'>τινὶ</span> 
     </span>
     <span class='ocr_line' id='line_1_16' title="bbox 191 838 1523 897; baseline -0.002 -14"><span class='ocrx_word' id='word_1_84' title='bbox 191 843 362 897; x_wconf 79' lang='grc' dir='ltr'>φάσκειν</span> <span class='ocrx_word' id='word_1_85' title='bbox 402 843 631 882; x_wconf 83' lang='grc' dir='ltr'>ἀποτείσειν</span> <span class='ocrx_word' id='word_1_86' title='bbox 670 841 733 881; x_wconf 86' lang='grc' dir='ltr'>καὶ</span> <span class='ocrx_word' id='word_1_87' title='bbox 776 840 884 881; x_wconf 86' lang='grc' dir='ltr'>ταῦτ’</span> <span class='ocrx_word' id='word_1_88' title='bbox 924 841 1155 892; x_wconf 79' lang='grc' dir='ltr'>ἐγγυᾶσθαι.</span> <span class='ocrx_word' id='word_1_89' title='bbox 1214 840 1321 880; x_wconf 81' lang='grc' dir='ltr'>ἀλλὰ</span> <span class='ocrx_word' id='word_1_90' title='bbox 1358 840 1420 879; x_wconf 80' lang='grc' dir='ltr'>καὶ</span> <span class='ocrx_word' id='word_1_91' title='bbox 1457 838 1523 880; x_wconf 86' lang='grc' dir='ltr'>ἀπ’</span> 
     </span>
     <span class='ocr_line' id='line_1_17' title="bbox 191 906 1520 959; baseline -0.004 -8"><span class='ocrx_word' id='word_1_92' title='bbox 191 911 318 951; x_wconf 83' lang='grc' dir='ltr'>αὐτῶν</span> <span class='ocrx_word' id='word_1_93' title='bbox 349 910 497 949; x_wconf 83' lang='grc' dir='ltr'>τούτων</span> <span class='ocrx_word' id='word_1_94' title='bbox 527 908 615 949; x_wconf 86' lang='grc' dir='ltr'>ἐστὶ</span> <span class='ocrx_word' id='word_1_95' title='bbox 649 910 771 958; x_wconf 89' lang='grc' dir='ltr'>δῆλον</span> <span class='ocrx_word' id='word_1_96' title='bbox 805 909 865 948; x_wconf 87' lang='grc' dir='ltr'>ὅτι</span> <span class='ocrx_word' id='word_1_97' title='bbox 898 907 969 957; x_wconf 80' lang='grc' dir='ltr'>τὴν</span> <span class='ocrx_word' id='word_1_98' title='bbox 997 909 1071 957; x_wconf 83' lang='grc' dir='ltr'>μὲν</span> <span class='ocrx_word' id='word_1_99' title='bbox 1104 906 1232 959; x_wconf 81' lang='grc' dir='ltr'>προῖκ’</span> <span class='ocrx_word' id='word_1_100' title='bbox 1265 907 1332 947; x_wconf 81' lang='grc' dir='ltr'>οὐκ</span> <span class='ocrx_word' id='word_1_101' title='bbox 1365 907 1520 952; x_wconf 83' lang='grc' dir='ltr'>ἔδωκεν,</span> 
     </span>
     <span class='ocr_line' id='line_1_18' title="bbox 191 972 1524 1029; baseline -0.004 -11"><span class='ocrx_word' id='word_1_102' title='bbox 191 978 279 1018; x_wconf 81' lang='grc' dir='ltr'>ἀντὶ</span> <span class='ocrx_word' id='word_1_103' title='bbox 315 979 356 1018; x_wconf 82' lang='grc' dir='ltr'>δὲ</span> <span class='ocrx_word' id='word_1_104' title='bbox 391 980 556 1017; x_wconf 85' lang='grc' dir='ltr'>πολλῶν</span> <span class='ocrx_word' id='word_1_105' title='bbox 592 974 808 1029; x_wconf 82' lang='grc' dir='ltr'>χρημάτων</span> <span class='ocrx_word' id='word_1_106' title='bbox 842 978 921 1014; x_wconf 88' lang='grc' dir='ltr'>τῶν</span> <span class='ocrx_word' id='word_1_107' title='bbox 957 975 1063 1025; x_wconf 84' lang='grc' dir='ltr'>ἐμῶν</span> <span class='ocrx_word' id='word_1_108' title='bbox 1095 975 1238 1016; x_wconf 85' lang='grc' dir='ltr'>οἰκεῖος</span> <span class='ocrx_word' id='word_1_109' title='bbox 1270 972 1324 1014; x_wconf 80' lang='grc' dir='ltr'>ὣν</span> <span class='ocrx_word' id='word_1_110' title='bbox 1353 972 1524 1028; x_wconf 83' lang='grc' dir='ltr'>Ἀφόβῳ</span> 
     </span>
     <span class='ocr_line' id='line_1_19' title="bbox 189 1039 1524 1094; baseline -0.004 -9"><span class='ocrx_word' id='word_1_111' title='bbox 189 1043 296 1085; x_wconf 80' lang='grc' dir='ltr'>ταῦτ’</span> <span class='ocrx_word' id='word_1_112' title='bbox 332 1044 561 1094; x_wconf 79' lang='grc' dir='ltr'>ἀπετιμᾶτο,</span> <span class='ocrx_word' id='word_1_113' title='bbox 598 1042 845 1093; x_wconf 87' lang='grc' dir='ltr'>κληρονόμον</span> <span class='ocrx_word' id='word_1_114' title='bbox 879 1041 951 1091; x_wconf 83' lang='grc' dir='ltr'>τὴν</span> <span class='ocrx_word' id='word_1_115' title='bbox 985 1040 1166 1093; x_wconf 81' lang='grc' dir='ltr'>ἀδελφὴν</span> <span class='ocrx_word' id='word_1_116' title='bbox 1194 1045 1273 1081; x_wconf 85' lang='grc' dir='ltr'>τῶν</span> <span class='ocrx_word' id='word_1_117' title='bbox 1306 1041 1410 1091; x_wconf 86' lang='grc' dir='ltr'>ἐμῶν</span> <span class='ocrx_word' id='word_1_118' title='bbox 1440 1039 1524 1092; x_wconf 89' lang='grc' dir='ltr'>μετ’</span> 
     </span>
     <span class='ocr_line' id='line_1_20' title="bbox 191 1106 1526 1161; baseline -0.004 -8"><span class='ocrx_word' id='word_1_119' title='bbox 191 1112 341 1153; x_wconf 86' lang='grc' dir='ltr'>ἐκείνου</span> <span class='ocrx_word' id='word_1_120' title='bbox 367 1112 616 1160; x_wconf 90' lang='grc' dir='ltr'>καταστῆσαι</span> <span class='ocrx_word' id='word_1_121' title='bbox 638 1109 901 1161; x_wconf 88' lang='grc' dir='ltr'>βουλόμενος.</span> <span class='ocrx_word' id='word_1_122' title='bbox 963 1106 1046 1148; x_wconf 81' lang='grc' dir='ltr'>εἶτα</span> <span class='ocrx_word' id='word_1_123' title='bbox 1074 1111 1142 1148; x_wconf 85' lang='grc' dir='ltr'>νῦν</span> <span class='ocrx_word' id='word_1_124' title='bbox 1171 1107 1526 1159; x_wconf 84' lang='grc' dir='ltr'>παρακρούσασθαι</span> 
     </span>
    </p>
   </div>
   <div class='ocr_carea' id='block_1_8' title="bbox 194 1173 1525 1258">
    <p class='ocr_par' dir='ltr' id='par_1_8' title="bbox 194 1173 1525 1258">
     <span class='ocr_line' id='line_1_21' title="bbox 194 1173 1525 1229; baseline -0.004 -10"><span class='ocrx_word' id='word_1_125' title='bbox 194 1180 301 1229; x_wconf 80' lang='grc' dir='ltr'>ζητεῖ</span> <span class='ocrx_word' id='word_1_126' title='bbox 327 1179 389 1218; x_wconf 85' lang='grc' dir='ltr'>καὶ</span> <span class='ocrx_word' id='word_1_127' title='bbox 414 1177 628 1229; x_wconf 77' lang='grc' dir='ltr'>φενακίζει,</span> <span class='ocrx_word' id='word_1_128' title='bbox 656 1175 788 1228; x_wconf 90' lang='grc' dir='ltr'>λέγων</span> <span class='ocrx_word' id='word_1_129' title='bbox 815 1175 866 1216; x_wconf 82' lang='grc' dir='ltr'>ὡς</span> <span class='ocrx_word' id='word_1_130' title='bbox 891 1175 1082 1226; x_wconf 86' lang='grc' dir='ltr'>πρότερον</span> <span class='ocrx_word' id='word_1_131' title='bbox 1102 1174 1192 1216; x_wconf 84' lang='grc' dir='ltr'>τοὺς</span> <span class='ocrx_word' id='word_1_132' title='bbox 1218 1175 1331 1225; x_wconf 83' lang='grc' dir='ltr'>ὄρους</span> <span class='ocrx_word' id='word_1_133' title='bbox 1352 1173 1525 1224; x_wconf 82' lang='grc' dir='ltr'>ἔστησεν</span> 
     </span>
     <span class='ocr_line' id='line_1_22' title="bbox 194 1242 211 1258; baseline 0 0"><span class='ocrx_word' id='word_1_134' title='bbox 194 1242 211 1258; x_wconf 51' lang='grc' dir='ltr'><strong>ἢ</strong></span> 
     </span>
    </p>
   </div>
   <div class='ocr_carea' id='block_1_9' title="bbox 163 1238 1525 1296">
    <p class='ocr_par' dir='ltr' id='par_1_9' title="bbox 163 1238 1525 1296">
     <span class='ocr_line' id='line_1_23' title="bbox 163 1238 1525 1296; baseline -0.004 -11"><span class='ocrx_word' id='word_1_135' title='bbox 163 1277 165 1279; x_wconf 49' lang='lat'>&gt;</span> <span class='ocrx_word' id='word_1_136' title='bbox 190 1263 214 1296; x_wconf 94' lang='grc' dir='ltr'>η</span> <span class='ocrx_word' id='word_1_137' title='bbox 235 1245 376 1285; x_wconf 85' lang='grc' dir='ltr'>’κεῖνον</span> <span class='ocrx_word' id='word_1_138' title='bbox 395 1244 468 1294; x_wconf 80' lang='grc' dir='ltr'>τὴν</span> <span class='ocrx_word' id='word_1_139' title='bbox 492 1243 600 1294; x_wconf 91' lang='grc' dir='ltr'>δίκην</span> <span class='ocrx_word' id='word_1_140' title='bbox 625 1243 783 1295; x_wconf 82' lang='grc' dir='ltr'>ὀφλεῖν.</span> <span class='ocrx_word' id='word_1_141' title='bbox 836 1241 882 1281; x_wconf 83' lang='grc' dir='ltr'>οὐ</span> <span class='ocrx_word' id='word_1_142' title='bbox 900 1241 1089 1293; x_wconf 88' lang='grc' dir='ltr'>πρότερόν</span> <span class='ocrx_word' id='word_1_143' title='bbox 1114 1240 1151 1293; x_wconf 84' lang='grc' dir='ltr'>γ’</span> <span class='ocrx_word' id='word_1_144' title='bbox 1175 1238 1198 1291; x_wconf 81' lang='grc' dir='ltr'>ἢ</span> <span class='ocrx_word' id='word_1_145' title='bbox 1224 1242 1330 1293; x_wconf 82' lang='grc' dir='ltr'>παρὰ</span> <span class='ocrx_word' id='word_1_146' title='bbox 1356 1241 1434 1287; x_wconf 88' lang='grc' dir='ltr'>σοί,</span> <span class='ocrx_word' id='word_1_147' title='bbox 1457 1244 1525 1281; x_wconf 84' lang='grc' dir='ltr'>νῦν</span> 
     </span>
    </p>
   </div>
   <div class='ocr_carea' id='block_1_10' title="bbox 191 1307 1529 2392">
    <p class='ocr_par' dir='ltr' id='par_1_10' title="bbox 191 1307 1529 2037">
     <span class='ocr_line' id='line_1_24' title="bbox 193 1307 1526 1363; baseline -0.004 -11"><span class='ocrx_word' id='word_1_148' title='bbox 193 1313 226 1352; x_wconf 82' lang='grc' dir='ltr'>εἰ</span> <span class='ocrx_word' id='word_1_149' title='bbox 252 1313 378 1362; x_wconf 82' lang='grc' dir='ltr'>ἀληθῆ</span> <span class='ocrx_word' id='word_1_150' title='bbox 412 1310 555 1363; x_wconf 90' lang='grc' dir='ltr'>λέγεις.</span> <span class='ocrx_word' id='word_1_151' title='bbox 612 1312 735 1360; x_wconf 90' lang='grc' dir='ltr'>δῆλον</span> <span class='ocrx_word' id='word_1_152' title='bbox 768 1310 844 1362; x_wconf 75' lang='grc' dir='ltr'>γὰρ</span> <span class='ocrx_word' id='word_1_153' title='bbox 875 1309 936 1348; x_wconf 85' lang='grc' dir='ltr'>ὅτι</span> <span class='ocrx_word' id='word_1_154' title='bbox 971 1307 1188 1360; x_wconf 84' lang='grc' dir='ltr'>καταγνοὺς</span> <span class='ocrx_word' id='word_1_155' title='bbox 1221 1307 1374 1348; x_wconf 85' lang='grc' dir='ltr'>ἀδικίαν</span> <span class='ocrx_word' id='word_1_156' title='bbox 1407 1307 1526 1348; x_wconf 84' lang='grc' dir='ltr'>αὐτοῦ</span> 
     </span>
     <span class='ocr_line' id='line_1_25' title="bbox 191 1374 1525 1428; baseline -0.004 -9"><span class='ocrx_word' id='word_1_157' title='bbox 191 1378 299 1419; x_wconf 84' lang='grc' dir='ltr'>ταῦτ’</span> <span class='ocrx_word' id='word_1_158' title='bbox 331 1378 486 1419; x_wconf 84' lang='grc' dir='ltr'>ἐποίεις.</span> <span class='ocrx_word' id='word_1_159' title='bbox 548 1377 633 1418; x_wconf 76' lang='grc' dir='ltr'>εἶτα</span> <span class='ocrx_word' id='word_1_160' title='bbox 668 1377 730 1416; x_wconf 89' lang='grc' dir='ltr'>καὶ</span> <span class='ocrx_word' id='word_1_161' title='bbox 764 1379 924 1428; x_wconf 83' lang='grc' dir='ltr'>γελοῖον</span> <span class='ocrx_word' id='word_1_162' title='bbox 959 1378 1073 1414; x_wconf 80' lang='grc' dir='ltr'>τοῦτο</span> <span class='ocrx_word' id='word_1_163' title='bbox 1106 1374 1255 1427; x_wconf 85' lang='grc' dir='ltr'>λέγειν,</span> <span class='ocrx_word' id='word_1_164' title='bbox 1286 1374 1423 1426; x_wconf 85' lang='grc' dir='ltr'>ὥσπερ</span> <span class='ocrx_word' id='word_1_165' title='bbox 1455 1374 1525 1414; x_wconf 88' lang='grc' dir='ltr'>οὐκ</span> 
     </span>
     <span class='ocr_line' id='line_1_26' title="bbox 193 1441 1525 1497; baseline -0.005 -10"><span class='ocrx_word' id='word_1_166' title='bbox 193 1446 355 1487; x_wconf 81' lang='grc' dir='ltr'>εἰδότων</span> <span class='ocrx_word' id='word_1_167' title='bbox 378 1446 485 1497; x_wconf 85' lang='grc' dir='ltr'>ὑμῶν</span> <span class='ocrx_word' id='word_1_168' title='bbox 511 1446 570 1484; x_wconf 87' lang='grc' dir='ltr'>ὅτι</span> <span class='ocrx_word' id='word_1_169' title='bbox 595 1444 741 1485; x_wconf 86' lang='grc' dir='ltr'>πάντες</span> <span class='ocrx_word' id='word_1_170' title='bbox 768 1445 803 1483; x_wconf 84' lang='grc' dir='ltr'>οἱ</span> <span class='ocrx_word' id='word_1_171' title='bbox 829 1444 875 1482; x_wconf 77' lang='grc' dir='ltr'>τὰ</span> <span class='ocrx_word' id='word_1_172' title='bbox 900 1441 1048 1482; x_wconf 79' lang='grc' dir='ltr'>τοιαῦτ’</span> <span class='ocrx_word' id='word_1_173' title='bbox 1075 1442 1300 1483; x_wconf 78' lang='grc' dir='ltr'>ἀδικοῦντες</span> <span class='ocrx_word' id='word_1_174' title='bbox 1326 1445 1525 1482; x_wconf 83' lang='grc' dir='ltr'>σκοποῦσι</span> 
     </span>
     <span class='ocr_line' id='line_1_27' title="bbox 191 1508 1526 1564; baseline -0.004 -10"><span class='ocrx_word' id='word_1_175' title='bbox 191 1515 232 1554; x_wconf 91' lang='grc' dir='ltr'>τί</span> <span class='ocrx_word' id='word_1_176' title='bbox 254 1512 453 1564; x_wconf 81' lang='grc' dir='ltr'>λέξουσιν,</span> <span class='ocrx_word' id='word_1_177' title='bbox 481 1512 543 1551; x_wconf 87' lang='grc' dir='ltr'>καὶ</span> <span class='ocrx_word' id='word_1_178' title='bbox 569 1511 694 1553; x_wconf 83' lang='grc' dir='ltr'>οὐδεὶς</span> <span class='ocrx_word' id='word_1_179' title='bbox 721 1509 870 1551; x_wconf 84' lang='grc' dir='ltr'>πώποτ’</span> <span class='ocrx_word' id='word_1_180' title='bbox 896 1508 1034 1562; x_wconf 69' lang='grc' dir='ltr'>ὦφλεν</span> <span class='ocrx_word' id='word_1_181' title='bbox 1068 1514 1230 1550; x_wconf 79' lang='grc' dir='ltr'>σιωπῶν</span> <span class='ocrx_word' id='word_1_182' title='bbox 1264 1508 1344 1549; x_wconf 83' lang='grc' dir='ltr'>οὐδ’</span> <span class='ocrx_word' id='word_1_183' title='bbox 1378 1510 1526 1550; x_wconf 80' lang='grc' dir='ltr'>ἀδικεῖν</span> 
     </span>
     <span class='ocr_line' id='line_1_28' title="bbox 193 1575 1522 1633; baseline -0.002 -13"><span class='ocrx_word' id='word_1_184' title='bbox 193 1582 415 1633; x_wconf 85' lang='grc' dir='ltr'>ὁμολογῶν·</span> <span class='ocrx_word' id='word_1_185' title='bbox 459 1578 550 1619; x_wconf 85' lang='grc' dir='ltr'>ἀλλ’</span> <span class='ocrx_word' id='word_1_186' title='bbox 590 1580 751 1618; x_wconf 77' lang='grc' dir='ltr'>ἐπειδὰν</span> <span class='ocrx_word' id='word_1_187' title='bbox 791 1577 901 1628; x_wconf 75' lang='grc' dir='ltr'>οἶμαι</span> <span class='ocrx_word' id='word_1_188' title='bbox 932 1579 1054 1628; x_wconf 77' lang='grc' dir='ltr'>μηδὲν</span> <span class='ocrx_word' id='word_1_189' title='bbox 1087 1578 1235 1628; x_wconf 80' lang='grc' dir='ltr'>ἀληθὲς</span> <span class='ocrx_word' id='word_1_190' title='bbox 1268 1575 1401 1630; x_wconf 86' lang='grc' dir='ltr'>λέγων</span> <span class='ocrx_word' id='word_1_191' title='bbox 1441 1575 1522 1627; x_wconf 80' lang='grc' dir='ltr'>ἐξε-</span> 
     </span>
     <span class='ocr_line' id='line_1_29' title="bbox 192 1644 1527 1704; baseline -0.002 -16"><span class='ocrx_word' id='word_1_192' title='bbox 192 1650 359 1704; x_wconf 79' lang='grc' dir='ltr'>λεγχθῇ,</span> <span class='ocrx_word' id='word_1_193' title='bbox 402 1647 493 1686; x_wconf 90' lang='grc' dir='ltr'>τότε</span> <span class='ocrx_word' id='word_1_194' title='bbox 530 1646 795 1698; x_wconf 81' lang='grc' dir='ltr'>γιγνώσκεται</span> <span class='ocrx_word' id='word_1_195' title='bbox 829 1645 961 1686; x_wconf 82' lang='grc' dir='ltr'>ὁποῖός</span> <span class='ocrx_word' id='word_1_196' title='bbox 996 1646 1118 1686; x_wconf 88' lang='grc' dir='ltr'>ἐστιν.</span> <span class='ocrx_word' id='word_1_197' title='bbox 1181 1645 1278 1697; x_wconf 85' lang='grc' dir='ltr'>ὅπερ</span> <span class='ocrx_word' id='word_1_198' title='bbox 1316 1645 1378 1685; x_wconf 89' lang='grc' dir='ltr'>καὶ</span> <span class='ocrx_word' id='word_1_199' title='bbox 1414 1644 1527 1685; x_wconf 75' lang='grc' dir='ltr'>οὗτος</span> 
     </span>
     <span class='ocr_line' id='line_1_30' title="bbox 194 1711 1527 1766; baseline -0.002 -11"><span class='ocrx_word' id='word_1_200' title='bbox 194 1715 329 1766; x_wconf 82' lang='grc' dir='ltr'>ἔμοιγε</span> <span class='ocrx_word' id='word_1_201' title='bbox 354 1717 460 1754; x_wconf 84' lang='grc' dir='ltr'>δοκεῖ</span> <span class='ocrx_word' id='word_1_202' title='bbox 482 1712 668 1766; x_wconf 85' lang='grc' dir='ltr'>πάσχειν.</span> <span class='ocrx_word' id='word_1_203' title='bbox 722 1712 808 1752; x_wconf 85' lang='grc' dir='ltr'>ἐπεὶ</span> <span class='ocrx_word' id='word_1_204' title='bbox 833 1711 945 1765; x_wconf 90' lang='grc' dir='ltr'>φέρε,</span> <span class='ocrx_word' id='word_1_205' title='bbox 973 1716 1055 1754; x_wconf 84' lang='grc' dir='ltr'>πῶς</span> <span class='ocrx_word' id='word_1_206' title='bbox 1075 1714 1163 1753; x_wconf 87' lang='grc' dir='ltr'>ἐστι</span> <span class='ocrx_word' id='word_1_207' title='bbox 1181 1714 1346 1759; x_wconf 88' lang='grc' dir='ltr'>δίκαιον,</span> <span class='ocrx_word' id='word_1_208' title='bbox 1367 1713 1436 1752; x_wconf 77' lang='grc' dir='ltr'>ἐὰν</span> <span class='ocrx_word' id='word_1_209' title='bbox 1454 1713 1527 1763; x_wconf 80' lang='grc' dir='ltr'>μὲν</span> 
     </span>
     <span class='ocr_line' id='line_1_31' title="bbox 194 1778 1527 1836; baseline -0.001 -15"><span class='ocrx_word' id='word_1_210' title='bbox 194 1781 437 1834; x_wconf 87' lang='grc' dir='ltr'>ὀγδοήκοντα</span> <span class='ocrx_word' id='word_1_211' title='bbox 474 1784 581 1831; x_wconf 86' lang='grc' dir='ltr'>μνῶν</span> <span class='ocrx_word' id='word_1_212' title='bbox 621 1783 690 1836; x_wconf 85' lang='grc' dir='ltr'>θῇς</span> <span class='ocrx_word' id='word_1_213' title='bbox 729 1780 855 1831; x_wconf 85' lang='grc' dir='ltr'>ὄρους,</span> <span class='ocrx_word' id='word_1_214' title='bbox 898 1778 1141 1832; x_wconf 86' lang='grc' dir='ltr'>ὀγδοήκοντα</span> <span class='ocrx_word' id='word_1_215' title='bbox 1178 1782 1278 1830; x_wconf 78' lang='grc' dir='ltr'>μνᾶς</span> <span class='ocrx_word' id='word_1_216' title='bbox 1317 1779 1417 1820; x_wconf 79' lang='grc' dir='ltr'>εἶναι</span> <span class='ocrx_word' id='word_1_217' title='bbox 1454 1779 1527 1829; x_wconf 83' lang='grc' dir='ltr'>τὴν</span> 
     </span>
     <span class='ocr_line' id='line_1_32' title="bbox 194 1842 1525 1901; baseline -0.003 -12"><span class='ocrx_word' id='word_1_218' title='bbox 194 1852 347 1901; x_wconf 83' lang='grc' dir='ltr'>προῖκα,</span> <span class='ocrx_word' id='word_1_219' title='bbox 375 1849 442 1887; x_wconf 78' lang='grc' dir='ltr'>ἐὰν</span> <span class='ocrx_word' id='word_1_220' title='bbox 468 1849 509 1887; x_wconf 82' lang='grc' dir='ltr'>δὲ</span> <span class='ocrx_word' id='word_1_221' title='bbox 535 1848 719 1888; x_wconf 85' lang='grc' dir='ltr'>πλείονος</span> <span class='ocrx_word' id='word_1_222' title='bbox 745 1846 882 1893; x_wconf 85' lang='grc' dir='ltr'>πλέον,</span> <span class='ocrx_word' id='word_1_223' title='bbox 911 1848 981 1887; x_wconf 80' lang='grc' dir='ltr'>ἐὰν</span> <span class='ocrx_word' id='word_1_224' title='bbox 1007 1846 1039 1886; x_wconf 86' lang='grc' dir='ltr'>δ’</span> <span class='ocrx_word' id='word_1_225' title='bbox 1061 1846 1272 1888; x_wconf 85' lang='grc' dir='ltr'>ἐλάττονος</span> <span class='ocrx_word' id='word_1_226' title='bbox 1291 1847 1476 1892; x_wconf 81' lang='grc' dir='ltr'>ἔλαττον;</span> <span class='ocrx_word' id='word_1_227' title='bbox 1503 1842 1525 1896; x_wconf 83' lang='grc' dir='ltr'>ἢ</span> 
     </span>
     <span class='ocr_line' id='line_1_33' title="bbox 194 1912 1527 1966; baseline -0.003 -10"><span class='ocrx_word' id='word_1_228' title='bbox 194 1920 275 1957; x_wconf 84' lang='grc' dir='ltr'>πῶς</span> <span class='ocrx_word' id='word_1_229' title='bbox 300 1917 389 1955; x_wconf 85' lang='grc' dir='ltr'>ἐστι</span> <span class='ocrx_word' id='word_1_230' title='bbox 413 1914 575 1960; x_wconf 88' lang='grc' dir='ltr'>δίκαιον,</span> <span class='ocrx_word' id='word_1_231' title='bbox 603 1916 673 1964; x_wconf 89' lang='grc' dir='ltr'>τῆς</span> <span class='ocrx_word' id='word_1_232' title='bbox 699 1915 880 1966; x_wconf 84' lang='grc' dir='ltr'>ἀδελφῆς</span> <span class='ocrx_word' id='word_1_233' title='bbox 907 1916 977 1964; x_wconf 91' lang='grc' dir='ltr'>τῆς</span> <span class='ocrx_word' id='word_1_234' title='bbox 1005 1916 1078 1964; x_wconf 88' lang='grc' dir='ltr'>σῆς</span> <span class='ocrx_word' id='word_1_235' title='bbox 1097 1914 1257 1964; x_wconf 89' lang='grc' dir='ltr'>μηδέπω</span> <span class='ocrx_word' id='word_1_236' title='bbox 1279 1915 1340 1954; x_wconf 88' lang='grc' dir='ltr'>καὶ</span> <span class='ocrx_word' id='word_1_237' title='bbox 1360 1912 1527 1965; x_wconf 90' lang='grc' dir='ltr'>τήμερον</span> 
     </span>
     <span class='ocr_line' id='line_1_34' title="bbox 194 1979 1529 2037; baseline -0.002 -15"><span class='ocrx_word' id='word_1_238' title='bbox 194 1982 305 2037; x_wconf 78' lang='grc' dir='ltr'>ἄλλῳ</span> <span class='ocrx_word' id='word_1_239' title='bbox 340 1981 601 2031; x_wconf 79' lang='grc' dir='ltr'>συνοικούσης</span> <span class='ocrx_word' id='word_1_240' title='bbox 632 1980 721 2032; x_wconf 82' lang='grc' dir='ltr'>μηδ’</span> <span class='ocrx_word' id='word_1_241' title='bbox 756 1980 1067 2032; x_wconf 87' lang='grc' dir='ltr'>ἀπηλλαγμένης</span> <span class='ocrx_word' id='word_1_242' title='bbox 1092 1980 1291 2032; x_wconf 84' lang='grc' dir='ltr'>Ἀφόβου,</span> <span class='ocrx_word' id='word_1_243' title='bbox 1326 1982 1423 2031; x_wconf 82' lang='grc' dir='ltr'>μηδὲ</span> <span class='ocrx_word' id='word_1_244' title='bbox 1457 1979 1529 2030; x_wconf 80' lang='grc' dir='ltr'>τὴν</span> 
     </span>
    </p>

    <p class='ocr_par' dir='ltr' id='par_1_11' title="bbox 197 2089 1529 2392">
     <span class='ocr_line' id='line_1_35' title="bbox 238 2089 1529 2133; baseline -0.002 -9"><span class='ocrx_word' id='word_1_245' title='bbox 238 2103 258 2132; x_wconf 81' lang='lat'><strong>3</strong></span> <span class='ocrx_word' id='word_1_246' title='bbox 282 2091 466 2132; x_wconf 74' lang='grc' dir='ltr'>ἀνθρώπων]</span> <span class='ocrx_word' id='word_1_247' title='bbox 488 2092 645 2133; x_wconf 78' lang='grc' dir='ltr'>ἄνθρωπος</span> <span class='ocrx_word' id='word_1_248' title='bbox 663 2092 729 2123; x_wconf 85' lang='lat' dir='ltr'>SA</span> <span class='ocrx_word' id='word_1_249' title='bbox 819 2090 897 2123; x_wconf 76' lang='grc' dir='ltr'>ὥστ’</span> <span class='ocrx_word' id='word_1_250' title='bbox 915 2090 1032 2121; x_wconf 82' lang='lat' dir='ltr'>Blass:</span> <span class='ocrx_word' id='word_1_251' title='bbox 1057 2091 1091 2122; x_wconf 70' lang='grc' dir='ltr'>ὃς</span> <span class='ocrx_word' id='word_1_252' title='bbox 1109 2090 1197 2129; x_wconf 81' lang='lat' dir='ltr'><strong>vulg.</strong></span> <span class='ocrx_word' id='word_1_253' title='bbox 1219 2102 1225 2120; x_wconf 73' lang='grc' dir='ltr'><strong>ε</strong></span> <span class='ocrx_word' id='word_1_254' title='bbox 1250 2093 1289 2123; x_wconf 82' lang='grc' dir='ltr'>ὡς</span> <span class='ocrx_word' id='word_1_255' title='bbox 1307 2091 1338 2121; x_wconf 91' lang='grc' dir='ltr'><strong>Α</strong></span> <span class='ocrx_word' id='word_1_256' title='bbox 1425 2101 1445 2130; x_wconf 88' lang='lat'>4</span> <span class='ocrx_word' id='word_1_257' title='bbox 1468 2089 1529 2131; x_wconf 77' lang='grc' dir='ltr'>μὲν</span> 
     </span>
     <span class='ocr_line' id='line_1_36' title="bbox 197 2133 1525 2174; baseline -0.001 -7"><span class='ocrx_word' id='word_1_258' title='bbox 197 2137 221 2167; x_wconf 99' lang='lat' dir='ltr'>S</span> <span class='ocrx_word' id='word_1_259' title='bbox 240 2148 247 2166; x_wconf 91' lang='lat'>:</span> <span class='ocrx_word' id='word_1_260' title='bbox 271 2146 334 2167; x_wconf 77' lang='lat' dir='ltr'>om.</span> <span class='ocrx_word' id='word_1_261' title='bbox 352 2140 430 2166; x_wconf 83' lang='lat' dir='ltr'>cett.</span> <span class='ocrx_word' id='word_1_262' title='bbox 520 2137 541 2165; x_wconf 87' lang='lat'>6</span> <span class='ocrx_word' id='word_1_263' title='bbox 565 2136 743 2173; x_wconf 81' lang='grc' dir='ltr'>ποιήσοντα</span> <span class='ocrx_word' id='word_1_264' title='bbox 762 2135 791 2164; x_wconf 95' lang='lat' dir='ltr'>D</span> <span class='ocrx_word' id='word_1_265' title='bbox 809 2135 910 2173; x_wconf 71' lang='lat' dir='ltr'><strong>(coni.</strong></span> <span class='ocrx_word' id='word_1_266' title='bbox 933 2134 1081 2166; x_wconf 49' lang='lat' dir='ltr'>Dobree)</span> <span class='ocrx_word' id='word_1_267' title='bbox 1098 2144 1105 2164; x_wconf 73' lang='grc' dir='ltr'>ε</span> <span class='ocrx_word' id='word_1_268' title='bbox 1129 2135 1310 2172; x_wconf 81' lang='grc' dir='ltr'>ποιήσαντα</span> <span class='ocrx_word' id='word_1_269' title='bbox 1326 2133 1416 2174; x_wconf 87' lang='lat' dir='ltr'><strong>vulg.</strong></span> <span class='ocrx_word' id='word_1_270' title='bbox 1508 2145 1525 2173; x_wconf 94' lang='lat'><strong>7</strong></span> 
     </span>
     <span class='ocr_line' id='line_1_37' title="bbox 198 2177 1526 2220; baseline -0.002 -9"><span class='ocrx_word' id='word_1_271' title='bbox 198 2181 262 2220; x_wconf 72' lang='grc' dir='ltr'>ἐγὼ</span> <span class='ocrx_word' id='word_1_272' title='bbox 279 2178 338 2218; x_wconf 87' lang='grc' dir='ltr'>μὲν</span> <span class='ocrx_word' id='word_1_273' title='bbox 356 2178 379 2209; x_wconf 89' lang='lat' dir='ltr'>S</span> <span class='ocrx_word' id='word_1_274' title='bbox 395 2190 402 2208; x_wconf 75' lang='grc' dir='ltr'>ε</span> <span class='ocrx_word' id='word_1_275' title='bbox 425 2190 489 2210; x_wconf 87' lang='lat' dir='ltr'>om.</span> <span class='ocrx_word' id='word_1_276' title='bbox 510 2184 590 2210; x_wconf 86' lang='lat' dir='ltr'>cett.</span> <span class='ocrx_word' id='word_1_277' title='bbox 774 2188 812 2208; x_wconf 90' lang='lat'>10</span> <span class='ocrx_word' id='word_1_278' title='bbox 838 2180 919 2219; x_wconf 73' lang='grc' dir='ltr'>ἐγγυ</span> <span class='ocrx_word' id='word_1_279' title='bbox 937 2177 975 2208; x_wconf 88' lang='lat' dir='ltr'>Sl</span> <span class='ocrx_word' id='word_1_280' title='bbox 992 2177 1102 2216; x_wconf 79' lang='lat' dir='ltr'>spatio</span> <span class='ocrx_word' id='word_1_281' title='bbox 1121 2187 1141 2207; x_wconf 93' lang='lat' dir='ltr'><strong>v</strong></span> <span class='ocrx_word' id='word_1_282' title='bbox 1157 2177 1218 2207; x_wconf 82' lang='lat' dir='ltr'>litt.</span> <span class='ocrx_word' id='word_1_283' title='bbox 1240 2178 1357 2208; x_wconf 80' lang='lat' dir='ltr'>relicto</span> <span class='ocrx_word' id='word_1_284' title='bbox 1376 2189 1383 2207; x_wconf 92' lang='lat'><strong>:</strong></span> <span class='ocrx_word' id='word_1_285' title='bbox 1409 2178 1526 2219; x_wconf 79' lang='grc' dir='ltr'>ἐγγυή-</span> 
     </span>
     <span class='ocr_line' id='line_1_38' title="bbox 198 2220 1527 2263; baseline -0.002 -9"><span class='ocrx_word' id='word_1_286' title='bbox 198 2227 314 2254; x_wconf 85' lang='grc' dir='ltr'>σασθαι</span> <span class='ocrx_word' id='word_1_287' title='bbox 332 2222 356 2253; x_wconf 89' lang='lat' dir='ltr'>S</span> <span class='ocrx_word' id='word_1_288' title='bbox 373 2232 457 2253; x_wconf 84' lang='lat' dir='ltr'>corr.</span> <span class='ocrx_word' id='word_1_289' title='bbox 476 2235 482 2253; x_wconf 80' lang='lat'>2</span> <span class='ocrx_word' id='word_1_290' title='bbox 509 2224 686 2263; x_wconf 75' lang='grc' dir='ltr'>ἐγγυᾶσθαι</span> <span class='ocrx_word' id='word_1_291' title='bbox 704 2221 790 2260; x_wconf 86' lang='lat' dir='ltr'>vulg.</span> <span class='ocrx_word' id='word_1_292' title='bbox 952 2231 965 2250; x_wconf 96' lang='lat'>1</span> <span class='ocrx_word' id='word_1_293' title='bbox 977 2231 988 2250; x_wconf 82' lang='lat'>1</span> <span class='ocrx_word' id='word_1_294' title='bbox 1016 2223 1072 2252; x_wconf 83' lang='grc' dir='ltr'>οὐκ</span> <span class='ocrx_word' id='word_1_295' title='bbox 1090 2220 1206 2252; x_wconf 83' lang='grc' dir='ltr'>ἔδωκεν</span> <span class='ocrx_word' id='word_1_296' title='bbox 1225 2220 1249 2251; x_wconf 88' lang='lat' dir='ltr'>S</span> <span class='ocrx_word' id='word_1_297' title='bbox 1262 2220 1310 2251; x_wconf 88' lang='lat' dir='ltr'>A:</span> <span class='ocrx_word' id='word_1_298' title='bbox 1338 2223 1372 2252; x_wconf 82' lang='grc' dir='ltr'>οὐ</span> <span class='ocrx_word' id='word_1_299' title='bbox 1389 2220 1527 2253; x_wconf 84' lang='grc' dir='ltr'>δέδωκεν</span> 
     </span>
     <span class='ocr_line' id='line_1_39' title="bbox 198 2263 1527 2305; baseline -0.002 -8"><span class='ocrx_word' id='word_1_300' title='bbox 198 2266 265 2304; x_wconf 65' lang='lat' dir='ltr'>FD</span> <span class='ocrx_word' id='word_1_301' title='bbox 400 2276 438 2305; x_wconf 86' lang='lat'>13</span> <span class='ocrx_word' id='word_1_302' title='bbox 464 2266 641 2302; x_wconf 78' lang='grc' dir='ltr'>ἀπετιμᾶτο</span> <span class='ocrx_word' id='word_1_303' title='bbox 661 2265 684 2295; x_wconf 96' lang='lat' dir='ltr'>S</span> <span class='ocrx_word' id='word_1_304' title='bbox 702 2276 709 2295; x_wconf 88' lang='lat'><strong>:</strong></span> <span class='ocrx_word' id='word_1_305' title='bbox 734 2267 908 2304; x_wconf 82' lang='grc' dir='ltr'>ἐπετιμᾶτο</span> <span class='ocrx_word' id='word_1_306' title='bbox 924 2263 955 2294; x_wconf 86' lang='grc' dir='ltr'>Α</span> <span class='ocrx_word' id='word_1_307' title='bbox 967 2265 992 2294; x_wconf 85' lang='lat' dir='ltr'>F</span> <span class='ocrx_word' id='word_1_308' title='bbox 1006 2264 1035 2293; x_wconf 90' lang='lat' dir='ltr'>D</span> <span class='ocrx_word' id='word_1_309' title='bbox 1123 2267 1187 2295; x_wconf 81' lang='grc' dir='ltr'>τῶν</span> <span class='ocrx_word' id='word_1_310' title='bbox 1205 2265 1288 2303; x_wconf 84' lang='grc' dir='ltr'>ἐμῶν</span> <span class='ocrx_word' id='word_1_311' title='bbox 1303 2266 1365 2302; x_wconf 79' lang='grc' dir='ltr'>τὴν</span> <span class='ocrx_word' id='word_1_312' title='bbox 1381 2265 1527 2304; x_wconf 80' lang='grc' dir='ltr'>ἀδελφὴν</span> 
     </span>
     <span class='ocr_line' id='line_1_40' title="bbox 198 2306 1523 2348; baseline -0.002 -9"><span class='ocrx_word' id='word_1_313' title='bbox 198 2310 223 2340; x_wconf 84' lang='lat' dir='ltr'>F</span> <span class='ocrx_word' id='word_1_314' title='bbox 237 2310 266 2339; x_wconf 96' lang='lat' dir='ltr'>D</span> <span class='ocrx_word' id='word_1_315' title='bbox 337 2311 440 2348; x_wconf 88' lang='lat'><em>16-17</em></span> <span class='ocrx_word' id='word_1_316' title='bbox 468 2311 522 2341; x_wconf 85' lang='grc' dir='ltr'>νῦν</span> <span class='ocrx_word' id='word_1_317' title='bbox 539 2311 567 2341; x_wconf 86' lang='grc' dir='ltr'>εἶ</span> <span class='ocrx_word' id='word_1_318' title='bbox 584 2309 688 2346; x_wconf 84' lang='grc' dir='ltr'>ἀληθῆ</span> <span class='ocrx_word' id='word_1_319' title='bbox 706 2307 814 2348; x_wconf 78' lang='grc' dir='ltr'>λέγεις</span> <span class='ocrx_word' id='word_1_320' title='bbox 833 2308 931 2338; x_wconf 79' lang='lat' dir='ltr'>Blass</span> <span class='ocrx_word' id='word_1_321' title='bbox 949 2319 956 2337; x_wconf 90' lang='lat'>:</span> <span class='ocrx_word' id='word_1_322' title='bbox 981 2309 1046 2339; x_wconf 78' lang='grc' dir='ltr'>νυνὶ</span> <span class='ocrx_word' id='word_1_323' title='bbox 1065 2307 1103 2337; x_wconf 86' lang='lat' dir='ltr'>Sl</span> <span class='ocrx_word' id='word_1_324' title='bbox 1128 2306 1251 2348; x_wconf 77' lang='grc' dir='ltr'>(λέγεις</span> <span class='ocrx_word' id='word_1_325' title='bbox 1266 2308 1367 2346; x_wconf 82' lang='grc' dir='ltr'>ἀληθῆ</span> <span class='ocrx_word' id='word_1_326' title='bbox 1386 2308 1417 2337; x_wconf 89' lang='lat' dir='ltr'>in</span> <span class='ocrx_word' id='word_1_327' title='bbox 1436 2313 1523 2346; x_wconf 80' lang='lat' dir='ltr'>spat.</span> 
     </span>
     <span class='ocr_line' id='line_1_41' title="bbox 197 2350 1527 2392; baseline -0.002 -9"><span class='ocrx_word' id='word_1_328' title='bbox 197 2365 217 2384; x_wconf 84' lang='lat' dir='ltr'>v</span> <span class='ocrx_word' id='word_1_329' title='bbox 234 2354 293 2384; x_wconf 84' lang='lat' dir='ltr'>litt.</span> <span class='ocrx_word' id='word_1_330' title='bbox 311 2354 388 2384; x_wconf 85' lang='lat' dir='ltr'>add.</span> <span class='ocrx_word' id='word_1_331' title='bbox 408 2363 451 2384; x_wconf 85' lang='lat' dir='ltr'>m.</span> <span class='ocrx_word' id='word_1_332' title='bbox 471 2352 555 2392; x_wconf 81' lang='lat' dir='ltr'>rec.)</span> <span class='ocrx_word' id='word_1_333' title='bbox 573 2363 580 2382; x_wconf 72' lang='grc' dir='ltr'>ε</span> <span class='ocrx_word' id='word_1_334' title='bbox 606 2354 660 2383; x_wconf 84' lang='grc' dir='ltr'>νῦν</span> <span class='ocrx_word' id='word_1_335' title='bbox 677 2354 706 2383; x_wconf 76' lang='grc' dir='ltr'>εἴ</span> <span class='ocrx_word' id='word_1_336' title='bbox 718 2364 759 2392; x_wconf 75' lang='grc' dir='ltr'>γε</span> <span class='ocrx_word' id='word_1_337' title='bbox 776 2351 827 2383; x_wconf 83' lang='grc' dir='ltr'>ἀλ.</span> <span class='ocrx_word' id='word_1_338' title='bbox 848 2357 878 2381; x_wconf 86' lang='grc' dir='ltr'>λ.</span> <span class='ocrx_word' id='word_1_339' title='bbox 901 2351 987 2381; x_wconf 84' lang='lat' dir='ltr'>FD:</span> <span class='ocrx_word' id='word_1_340' title='bbox 1014 2353 1045 2382; x_wconf 73' lang='grc' dir='ltr'>εἴ</span> <span class='ocrx_word' id='word_1_341' title='bbox 1057 2364 1096 2391; x_wconf 78' lang='grc' dir='ltr'>γε</span> <span class='ocrx_word' id='word_1_342' title='bbox 1115 2364 1141 2382; x_wconf 81' lang='grc' dir='ltr'>ν.</span> <span class='ocrx_word' id='word_1_343' title='bbox 1158 2357 1190 2381; x_wconf 87' lang='grc' dir='ltr'>λ.</span> <span class='ocrx_word' id='word_1_344' title='bbox 1209 2351 1260 2382; x_wconf 84' lang='grc' dir='ltr'>ἀλ.</span> <span class='ocrx_word' id='word_1_345' title='bbox 1280 2350 1312 2380; x_wconf 91' lang='grc' dir='ltr'>Α</span> <span class='ocrx_word' id='word_1_346' title='bbox 1488 2351 1527 2380; x_wconf 91' lang='lat'>18</span> 
     </span>
    </p>
   </div>
   <div class='ocr_carea' id='block_1_11' title="bbox 196 2394 1526 2479">
    <p class='ocr_par' dir='ltr' id='par_1_12' title="bbox 196 2394 1526 2479">
     <span class='ocr_line' id='line_1_42' title="bbox 196 2394 1526 2438; baseline -0.004 -9"><span class='ocrx_word' id='word_1_347' title='bbox 196 2398 287 2438; x_wconf 80' lang='grc' dir='ltr'>λέγει</span> <span class='ocrx_word' id='word_1_348' title='bbox 307 2397 331 2428; x_wconf 86' lang='lat' dir='ltr'>S</span> <span class='ocrx_word' id='word_1_349' title='bbox 497 2406 539 2425; x_wconf 84' lang='lat'>20</span> <span class='ocrx_word' id='word_1_350' title='bbox 564 2396 613 2426; x_wconf 74' lang='grc' dir='ltr'>καὶ</span> <span class='ocrx_word' id='word_1_351' title='bbox 632 2396 732 2427; x_wconf 78' lang='grc' dir='ltr'>οὐδεὶς</span> <span class='ocrx_word' id='word_1_352' title='bbox 752 2394 775 2424; x_wconf 92' lang='lat' dir='ltr'>S</span> <span class='ocrx_word' id='word_1_353' title='bbox 792 2406 799 2425; x_wconf 88' lang='lat'>:</span> <span class='ocrx_word' id='word_1_354' title='bbox 823 2396 923 2426; x_wconf 74' lang='grc' dir='ltr'>οὐδεὶς</span> <span class='ocrx_word' id='word_1_355' title='bbox 943 2394 976 2426; x_wconf 81' lang='grc' dir='ltr'>δὲ</span> <span class='ocrx_word' id='word_1_356' title='bbox 994 2399 1073 2425; x_wconf 87' lang='lat' dir='ltr'><strong>cett.</strong></span> <span class='ocrx_word' id='word_1_357' title='bbox 1232 2404 1271 2432; x_wconf 87' lang='lat'>24</span> <span class='ocrx_word' id='word_1_358' title='bbox 1298 2396 1352 2435; x_wconf 79' lang='grc' dir='ltr'>θῇς</span> <span class='ocrx_word' id='word_1_359' title='bbox 1370 2394 1402 2423; x_wconf 82' lang='lat' dir='ltr'>in</span> <span class='ocrx_word' id='word_1_360' title='bbox 1419 2404 1481 2424; x_wconf 84' lang='lat' dir='ltr'>ras.</span> <span class='ocrx_word' id='word_1_361' title='bbox 1502 2394 1526 2424; x_wconf 89' lang='lat' dir='ltr'>S</span> 
     </span>
     <span class='ocr_line' id='line_1_43' title="bbox 197 2437 1330 2479; baseline -0.003 -7"><span class='ocrx_word' id='word_1_362' title='bbox 197 2450 237 2479; x_wconf 80' lang='lat'>25</span> <span class='ocrx_word' id='word_1_363' title='bbox 262 2442 361 2472; x_wconf 84' lang='grc' dir='ltr'>πλέον</span> <span class='ocrx_word' id='word_1_364' title='bbox 381 2440 432 2470; x_wconf 88' lang='lat' dir='ltr'>D:</span> <span class='ocrx_word' id='word_1_365' title='bbox 457 2442 568 2470; x_wconf 79' lang='grc' dir='ltr'>πλεῖον</span> <span class='ocrx_word' id='word_1_366' title='bbox 584 2439 674 2477; x_wconf 83' lang='lat' dir='ltr'><strong>vulg.</strong></span> <span class='ocrx_word' id='word_1_367' title='bbox 812 2439 854 2468; x_wconf 86' lang='lat'>26</span> <span class='ocrx_word' id='word_1_368' title='bbox 878 2440 937 2475; x_wconf 84' lang='grc' dir='ltr'>σῆς</span> <span class='ocrx_word' id='word_1_369' title='bbox 957 2438 1045 2477; x_wconf 85' lang='lat' dir='ltr'>vulg.</span> <span class='ocrx_word' id='word_1_370' title='bbox 1066 2437 1090 2468; x_wconf 81' lang='lat' dir='ltr'>S</span> <span class='ocrx_word' id='word_1_371' title='bbox 1107 2451 1158 2479; x_wconf 79' lang='grc' dir='ltr'>γρ.</span> <span class='ocrx_word' id='word_1_372' title='bbox 1177 2449 1184 2468; x_wconf 86' lang='lat'>:</span> <span class='ocrx_word' id='word_1_373' title='bbox 1210 2440 1285 2476; x_wconf 85' lang='grc' dir='ltr'>ἐμῆς</span> <span class='ocrx_word' id='word_1_374' title='bbox 1307 2437 1330 2468; x_wconf 88' lang='lat' dir='ltr'>S</span> 
     </span>
    </p>
   </div>
   <div class='ocr_carea' id='block_1_12' title="bbox 1542 525 1559 557">
    <p class='ocr_par' dir='ltr' id='par_1_13' title="bbox 1542 525 1559 557">
     <span class='ocr_line' id='line_1_44' title="bbox 1542 525 1559 557; baseline 0 0"><span class='ocrx_word' id='word_1_375' title='bbox 1542 525 1559 557; x_wconf 85' lang='lat'>5</span> 
     </span>
    </p>
   </div>
   <div class='ocr_carea' id='block_1_13' title="bbox 1546 858 1585 880">
    <p class='ocr_par' dir='ltr' id='par_1_14' title="bbox 1546 858 1585 880">
     <span class='ocr_line' id='line_1_45' title="bbox 1546 858 1585 880; baseline 0.051 -2"><span class='ocrx_word' id='word_1_376' title='bbox 1546 858 1585 880; x_wconf 93' lang='lat'>10</span> 
     </span>
    </p>
   </div>
   <div class='ocr_carea' id='block_1_14' title="bbox 1551 1192 1586 1225">
    <p class='ocr_par' dir='ltr' id='par_1_15' title="bbox 1551 1192 1586 1225">
     <span class='ocr_line' id='line_1_46' title="bbox 1551 1192 1586 1225; baseline 0 0"><span class='ocrx_word' id='word_1_377' title='bbox 1551 1192 1586 1225; x_wconf 84' lang='grc' dir='ltr'>Ι5</span> 
     </span>
    </p>
   </div>
   <div class='ocr_carea' id='block_1_15' title="bbox 1547 1527 1587 1549">
    <p class='ocr_par' dir='ltr' id='par_1_16' title="bbox 1547 1527 1587 1549">
     <span class='ocr_line' id='line_1_47' title="bbox 1547 1527 1587 1549; baseline 0.025 -1"><span class='ocrx_word' id='word_1_378' title='bbox 1547 1527 1587 1549; x_wconf 89' lang='lat'>20</span> 
     </span>
    </p>
   </div>
   <div class='ocr_carea' id='block_1_16' title="bbox 1549 1862 1587 1894">
    <p class='ocr_par' dir='ltr' id='par_1_17' title="bbox 1549 1862 1587 1894">
     <span class='ocr_line' id='line_1_48' title="bbox 1549 1862 1587 1894; baseline 0 0"><span class='ocrx_word' id='word_1_379' title='bbox 1549 1862 1587 1894; x_wconf 90' lang='lat'>²5</span> 
     </span>
    </p>
   </div>
  </div>
 </body>
</html>
