1685 2772
177 149 326 203 xxmx]
395 153 539 191 ΠΡΟΣ
577 152 828 190 ΒΟῙΩΤΟΝ
865 152 993 189 ΠΕΡΙ
1029 151 1141 189 ΤΟΎ
1175 151 1487 189 ΟΝΟΜΑΤΟΣ

176 266 383 316 παρῆλθον
406 265 442 304 οἱ
466 263 598 310 ἄλλοι,
625 261 764 303 ἐνθάδε
788 262 879 304 τοὺς
908 264 1016 304 Χοᾶς
1048 261 1156 314 ἄγων
1190 262 1414 314 ἀπελείφθη
1443 262 1503 303 καὶ

176 334 257 372 τοῖς
295 331 524 373 Διονυσίοις
562 331 795 381 καταμείνας
831 329 1028 382 ἐχόρευεν,
1067 328 1118 371 ὡς
1157 327 1328 371 ἅπαντες
1365 329 1503 381 ἑωρᾶθ’

175 399 212 440 οἱ
236 399 525 448 ἐπιδημοῦντες.
594 397 851 438 ἀπελθόντων
873 395 906 437 δ’
933 394 978 446 ἐξ
1002 395 1178 446 Εὐβοίας
1208 399 1286 436 τῶν
1312 413 1500 448 στρατιω-

175 469 251 505 τῶν
287 463 518 515 λιποταξίου
559 462 828 517 προσεκλήθη,
867 463 974 515 κάγὼ
1011 461 1234 516 ταξιαρχῶν
1270 465 1339 513 τῆς
1374 465 1504 515 φυλῆς

136 546 153 577 5
174 531 450 584 ἠναγκαζόμην
475 533 572 572 κατὰ
600 531 841 581 τούνόματος
869 533 937 570 τοῦ
967 530 1134 581 ἐμαυτοῦ
1164 530 1361 582 πατρόθεν
1390 529 1500 584 δέχε-

175 602 270 639 σθαι
292 598 365 648 τὴν
389 597 517 649 λῆξιν·
558 598 620 638 καὶ
647 599 680 638 εἰ
709 596 854 649 μισθὸς
884 596 1075 648 ἐπορίσθη
1106 600 1188 638 τοῖς
1223 598 1498 649 δικαστηρίοις,

175 667 339 717 εἰσῆγον
363 665 411 705 ἂν
435 667 558 715 δῆλον
590 666 663 705 ὅτι.
735 667 855 704 ταῦτα
880 663 913 704 δ’
939 664 972 704 εἰ
1001 663 1054 714 μὴ
1087 662 1406 715 σεσημασμένων
1430 663 1501 714 ἤδη

175 731 327 782 συνέβη
353 736 431 772 τῶν
456 731 611 784 ἐχίνων,
639 731 710 772 κᾶν
734 730 931 782 μάρτυρας
954 731 1044 781 ὑμῖν
1071 731 1344 783 παρεσχόμην.
1412 731 1502 771 εἶεν.

175 800 208 839 εἷ
236 801 278 838 δὲ
316 798 445 849 ξενίας
480 798 772 849 προσκληθείη,·
816 800 982 838 πολλοῖς
1014 798 1056 837 δὲ
1088 797 1339 849 προσκρούει,
1367 797 1429 837 καὶ
1459 796 1504 837 ὃν

116 882 155 903 10
173 864 405 917 ἠναγκάσθη
436 865 582 918 τρόπον
608 865 629 904 ὁ
653 863 782 915 πατὴρ
813 862 1061 914 ποιήσασθαι
1087 864 1218 909 αὐτόν,
1246 863 1290 903 οὐ
1317 863 1502 914 λέληθεν.

173 932 283 982 ὑμεῖς
316 932 363 977 δ’,
391 932 458 973 ὅτε
490 934 564 983 μὲν
592 935 732 972 τοῦτον
762 930 829 971 οὐκ
860 930 1021 971 ἐποιεῖθ’
1048 931 1068 969 ὁ
1102 929 1242 981 πατήρ,
1270 929 1340 980 τὴν
1368 930 1502 982 μητέρ’

174 1000 300 1049 ἀληθῆ
344 998 478 1051 λέγειν
517 998 675 1051 ἡγεῖσθ’
712 998 842 1038 αὐτοῦ·
905 999 1064 1038 ἐπειδὰν
1100 997 1133 1037 δ’
1171 997 1293 1039 οὕτως
1329 998 1502 1050 γεγονὼς

174 1066 286 1108 οὗτος
310 1065 482 1119 ὀχληρὸς
500 1064 536 1121 ᾗ,
559 1065 681 1106 πάλιν
698 1066 788 1116 ὑμῖν
808 1066 903 1106 ποτὲ
922 1064 1028 1115 δόξει
1048 1063 1189 1106 ’κεῖνος
1209 1065 1334 1114 ἀληθῆ
1354 1063 1500 1116 λέγειν.

173 1134 213 1174 τί
249 1132 295 1180 δ’,
338 1134 371 1174 εἰ
409 1133 757 1185 ψευδομαρτυρίων
796 1131 1030 1172 ἁλώσεσθαι
1069 1134 1300 1184 προσδοκῶν
1339 1130 1402 1184 ἐφ’
1445 1132 1502 1172 οῖς

115 1217 152 1248 15
174 1201 339 1252 ἐρανίζει
362 1200 514 1242 τούτοις
538 1204 621 1241 τοῖς
644 1200 732 1251 περὶ
758 1199 889 1245 αὑτόν,
918 1197 1066 1250 ἐρήμην
1091 1197 1246 1238 ἐάσειεν
1265 1200 1503 1248 τελεσθῆναι

172 1266 244 1316 τὴν
269 1268 396 1317 δίκην,·
435 1265 509 1318 ἆρά
533 1284 579 1319 γε
602 1268 746 1317 μικρὰν
769 1266 933 1318 ἡγεῖσθε
963 1265 1143 1316 βλάβην,
1172 1263 1201 1305 ὦ
1226 1264 1362 1316 ἄνδρες
1386 1264 1501 1315 Ἀθη-

172 1337 287 1379 ναῖοι,
326 1335 368 1374 ἐν
407 1333 586 1387 κοινωνίᾳ
614 1333 682 1373 τὸν
719 1332 875 1374 ἅπαντα
904 1332 997 1383 βίον
1026 1334 1094 1382 τῆς
1125 1332 1263 1372 τούτου
1292 1330 1407 1382 δόξης
1440 1331 1502 1371 καὶ

172 1404 249 1440 τῶν
273 1399 399 1452 ἔργων
423 1400 540 1447 εἶναι;

239 1467 331 1507 ’Ότι
366 1468 498 1507 τοίνυν
535 1467 615 1508 οὐδ’
649 1467 673 1508 ἃ
710 1465 955 1517 διεξελήλυθ’
993 1467 1084 1517 ὑμῖν
1119 1465 1246 1518 μάτην
1284 1469 1500 1519 φοβοῦμαι,

113 1551 154 1572 20
173 1532 411 1584 θεωρήσατε.
485 1534 596 1576 οὗτος
629 1536 702 1585 γὰρ
740 1533 811 1584 ἤδη
851 1533 912 1573 καὶ
948 1532 1106 1585 γραφάς
1143 1550 1263 1579 τινας,
1302 1531 1331 1572 ὦ
1368 1532 1503 1583 ἄνδρες

173 1599 389 1650 Ἀθηναῖοι,
416 1600 630 1653 πέφευγεν,
663 1600 727 1652 ἐφ’
760 1602 821 1642 αῖς
854 1600 966 1640 οὐδὲν
995 1601 1119 1641 αἴτιος
1150 1598 1202 1639 ὢν
1233 1600 1310 1652 ἐγὼ
1345 1602 1502 1639 συνδια-

174 1666 392 1717 βάλλομαι,
423 1667 485 1707 καὶ
509 1669 577 1717 τῆς
607 1668 732 1720 ἀρχῆς
760 1666 1030 1719 ἠμφεσβήτει,
1057 1665 1104 1716 ἢν
1131 1668 1240 1717 ὑμεῖς
1271 1665 1330 1717 ἔμ’
1357 1667 1504 1718 ἐχειρο-

174 1732 381 1783 τονήσατε,
411 1734 473 1774 καὶ
500 1736 633 1774 πολλὰ
660 1734 721 1773 καὶ
748 1736 921 1786 δυσχερῆ
948 1735 1010 1773 διὰ
1042 1734 1214 1783 τοῦνομα
1244 1731 1504 1783 συμβέβηκεν

174 1800 279 1851 ἡμῖν,
307 1802 374 1847 ὧν,
402 1800 450 1841 ἵν’
477 1802 614 1851 εἰδῆτε,
643 1800 821 1841 ἑκάστων
846 1800 1042 1853 μάρτυρας
1061 1801 1151 1851 ὑμῖν
1177 1799 1407 1852 παρέξομαι.

115 1887 153 1920 ²5
769 1882 987 1912 MAPTTPEE.

240 1928 388 1981 (Ορᾶτζ
427 1927 456 1969 ὦ
500 1929 637 1981 ἄνδρες
668 1929 883 1979 Ἀθηναῖοι,
922 1931 969 1969 τὰ
1009 1930 1295 1980 συμβαίνοντα,
1335 1928 1397 1968 καὶ
1432 1928 1502 1978 τὴν

176 1996 315 2046 ἀηδίαν
350 1996 422 2046 τὴν
450 1997 493 2036 ἐκ
521 1999 588 2036 τοῦ
619 1995 859 2048 πράγματος.
933 1998 966 2036 εἰ
996 1998 1127 2036 τοίνυν
1156 1998 1278 2047 μηδὲν
1311 1995 1426 2045 ἀηδὲς
1456 1994 1503 2045 ἦν

223 2115 236 2135 1
265 2103 346 2145 χόας
363 2105 457 2136 codd.
552 2113 570 2143 7
595 2104 810 2144 avSrPap.:
838 2106 874 2137 ἄν
886 2119 925 2144 με
945 2105 1010 2144 FQ
1104 2116 1142 2135 10
1167 2106 1297 2147 ὅπατὴρ
1311 2104 1502 2142 ποιήσασθαι

176 2148 275 2180 αὐτόν
291 2148 316 2179 S
334 2147 426 2187 Pap.,
446 2148 486 2179 cf.
506 2146 541 2178 xl
557 2149 599 2178 28
614 2158 621 2178 ε
645 2148 837 2185 ποιήσασθαι
855 2149 950 2180 αὐτὸν
967 2151 983 2180 ὁ
1000 2149 1104 2190 πατὴρ
1124 2149 1188 2187 FQ
1334 2158 1371 2178 12
1388 2147 1412 2180 δ’
1434 2158 1498 2179 orn.

177 2191 215 2222 Sl
298 2192 396 2224 οὕτως
415 2192 438 2222 S
454 2192 535 2231 Pap.
554 2202 562 2223 τ
586 2190 678 2224 οὗτος
698 2192 749 2222 D:
775 2193 855 2223 οὕτω
875 2192 941 2230 FQ
1028 2202 1066 2232 13
1090 2191 1180 2224 οὗτος
1194 2202 1258 2223 om.
1277 2191 1342 2229 FQ
1357 2192 1386 2221 D
1465 2201 1502 2230 15

176 2234 303 2267 τούτοις
318 2238 387 2267 τοῖς
404 2236 496 2266 codd.
519 2235 599 2274 Pap.
616 2247 624 2266 τ
648 2235 728 2274 quid
746 2235 866 2274 legerit
885 2234 1052 2275 Harpocr.
1074 2235 1238 2266 incertum
1337 2245 1372 2274 17
1398 2236 1503 2266 πάντα

177 2277 207 2316 Q
224 2278 253 2307 D
279 2278 359 2317 Pap.
525 2289 566 2308 22
590 2279 798 2318 ἠμφεσβήτει
828 2279 851 2309 S
879 2279 983 2318 Pap.:
1016 2280 1215 2318 ἠμφισβήτει
1243 2278 1332 2317 vulg.
1453 2277 1500 2317 ἔμ’

178 2323 448 2363 ἐχειροτονήσατε
471 2322 494 2353 S
519 2332 601 2352 corr.
619 2321 649 2360 Q
665 2321 717 2352 D:
742 2323 1052 2363 ἐπεχειροτονήσατε
1076 2321 1134 2352 Sl:
1161 2321 1214 2361 ἐμὲ
1237 2325 1289 2361 (με
1311 2323 1410 2361 Pap).
1430 2324 1498 2353 ἐπε-

177 2365 432 2406 χειροτονήσατε
450 2365 529 2404 Pap.
547 2365 638 2403 vulg.
746 2376 786 2403 24
812 2365 956 2397 ἑκάστων
971 2364 995 2395 S
1011 2365 1100 2404 vulg.
1121 2365 1202 2404 Pap.
1218 2376 1225 2394 ·.
1252 2365 1374 2397 ἕκαστα
1391 2366 1414 2396 S
1426 2379 1476 2406 γρ.
1492 2376 1497 2395 ;

178 2407 318 2439 ἕκαστον
335 2407 415 2447 Pap.
437 2408 469 2438 in
488 2419 567 2448 rng.‚
589 2409 619 2438 D
761 2409 802 2438 26
826 2408 848 2440 ὦ
865 2419 929 2439 om.
952 2408 1031 2447 Pap.
1159 2418 1198 2447 27
1225 2414 1298 2448 post
1315 2409 1500 2450 πράγματος

177 2451 252 2480 add.
272 2454 417 2492 θεωρεῖτε
435 2451 523 2491 vulg.
543 2463 550 2482 :
575 2462 639 2483 om.
660 2451 683 2483 S
698 2461 713 2482 ι·
730 2451 810 2493 Pap.
886 2451 986 2492 μηδὲν
1004 2452 1028 2483 S
1042 2462 1126 2483 corr.
1148 2453 1234 2490 vulg.
1258 2451 1337 2491 Pap.
1356 2463 1362 2482 z
1386 2453 1430 2491 μὴ
1448 2450 1485 2481 Sl

245 2516 331 2538 141-26
687 2546 689 2550 Α
1376 2507 1414 2538 12

1538 140 1665 195 [999]

1546 410 1589 445 17

1537 739 1578 773 18

1539 1484 1580 1520 19

1535 1528 1683 1586 [1000]

1532 1943 1579 1968 20
