1685 2772
125 134 243 188 xm]
547 138 711 176 ΠΡΟΣ
762 137 1018 175 ΑΦΟΒΟΝ
1488 139 1606 194 [860]

123 251 239 302 ὅρκον
263 248 449 300 ἠξίωσεν,
478 248 570 288 ἀλλ’
597 249 660 289 ἐπὶ
684 249 822 300 λόγοις
851 247 1197 301 μεμηχανημένοις
1223 248 1286 287 καὶ
1310 247 1455 299 μάρτυ-

125 334 191 357 σιν
217 316 262 356 οὐ
280 317 433 366 τάληθῆ
453 319 662 367 μαρτυρεῖν
683 314 923 366 εἰθισμένοις
943 314 986 354 τὸ
1006 318 1166 367 πρᾶγμα
1189 313 1455 364 καταστήσας,

124 384 276 432 ἐλπίζει
309 384 451 435 ῥᾳδίως
486 384 584 433 ὑμᾶς
622 380 904 433 ἐξαπατήσειν.
990 381 1086 432 λάβ’
1124 381 1190 422 οὖν
1228 382 1358 423 αὐτοῖς
1396 381 1458 421 καὶ

122 451 267 500 ταύτην
291 449 362 499 τὴν
387 451 613 502 μαρτυρίαν.

84 594 102 625 5
679 581 890 609 MAPTTPIA.

190 661 283 701 Πῶς
321 659 388 698 οὗν
425 657 471 698 ἄν
507 674 565 698 τις
603 657 858 710 σαφέστερον
895 657 1142 710 ἐξελέγξειεν
1181 665 1452 712 συκοφαντου-
1487 673 1528 710 55

121 726 263 778 μένους
286 726 386 776 ἡμᾶς
417 726 479 765 καὶ
511 724 935 777 καταμεμαρτυρημένα
963 726 1117 777 τάληθῆ
1154 727 1216 766 καὶ
1248 726 1319 777 τὴν
1345 728 1456 777 δίκην

122 794 280 834 δικαίως
297 791 553 844 ὠφλημένην,
575 788 598 842 ἢ
618 794 756 831 τοῦτον
775 791 844 832 τὸν
868 793 1017 844 τρόπον
1038 794 1272 840 ἐπιδεικνύς;
1301 793 1457 844 οἰκέτην

122 860 192 901 τὸν
215 860 285 910 τὴν
309 860 521 911 μαρτυρίαν
546 858 738 911 γράφοντ’
757 858 825 899 οὐκ
851 858 1100 910 ἐθελήσαντα
1123 863 1262 901 τοῦτον
1281 862 1453 912 βασανί-

64 948 104 971 10
125 928 202 978 ζειν
228 927 316 979 περὶ
345 925 471 967 αὐτῶν
500 929 579 966 τῶν
602 926 973 979 μεμαρτυρημένων·
1012 928 1155 967 Αἴσιον
1185 927 1253 968 τὸν
1278 927 1457 979 ἀδελφὸν
1488 929 1602 986 [861]

122 994 240 1035 αὐτοῦ
271 997 393 1034 ταῦτα
418 993 754 1045 μεμαρτυρηκότα,
790 992 814 1033 ἅ
841 999 967 1045 φησιν
997 993 1097 1034 εἶναι
1125 996 1268 1046 ψευδῆ·
1319 998 1458 1035 τοῦτον
1488 1004 1533 1048 56

123 1060 242 1101 αὐτὸν
273 1060 395 1100 ταύτὰ
430 1063 512 1101 τοῖς
543 1059 738 1111 μάρτυσιν
774 1059 839 1116 οὓς
876 1060 1008 1101 διώκει
1039 1061 1363 1113 μεμαρτυρηκότα
1390 1079 1458 1113 μοι

125 1129 222 1168 κατὰ
262 1126 467 1177 Δήμωνος,
506 1127 618 1167 ὄντος
660 1126 763 1180 αὐτῷ
801 1126 906 1167 θείου
944 1128 1007 1167 καὶ
1044 1130 1345 1180 συνεπιτρόπου·
1387 1130 1457 1172 τὰς

124 1195 362 1246 θεραπαίνας
392 1192 460 1232 οὐκ
491 1191 728 1243 ἐθελήσανθ’
752 1193 850 1245 ὑπὲρ
877 1197 946 1234 τοῦ
969 1193 1039 1235 τὸν
1064 1194 1271 1247 ἄνθρωπον
1297 1196 1452 1237 ἐλεύθε-

64 1285 101 1317 15
121 1278 194 1314 ρον
219 1260 317 1301 εἶναι
344 1260 594 1311 βασανίζειν·
631 1259 702 1309 τὴν
726 1259 875 1311 μητέρα
908 1261 979 1311 τὴν
1010 1263 1176 1312 ἐμαυτοῦ
1205 1264 1339 1303 πίστιν
1368 1264 1456 1315 περὶ

121 1328 270 1368 τούτων
295 1328 486 1375 ἐπιθεῖναι
513 1325 597 1366 καθ’
621 1326 732 1377 ἡμῶν
758 1326 995 1368 ἐθέλουσαν·
1032 1332 1110 1369 τῶν
1135 1329 1271 1370 ἄλλων
1296 1331 1456 1370 οἰκετῶν

123 1396 191 1436 οὐκ
218 1393 407 1435 ἐθέλοντα
431 1396 569 1434 τοῦτον
594 1394 927 1445 παραλαμβάνειν
953 1395 1105 1442 οὐδένα,
1127 1399 1205 1436 τῶν
1223 1395 1335 1437 πάντ’
1355 1397 1455 1437 εἶδό-

122 1479 201 1502 των
241 1464 398 1512 μᾶλλον
435 1457 458 1511 ἢ
496 1460 667 1502 Μιλύας·
717 1465 794 1501 τῶν
829 1463 1035 1514 μαρτύρων
1072 1462 1107 1503 οἳ
1145 1463 1456 1515 κατεμαρτύρουν

122 1528 290 1583 χρήματ’
321 1528 429 1582 ἔχειν
459 1527 588 1574 αὐτόν,
622 1527 749 1569 οὐδενὶ
783 1532 860 1568 τῶν
884 1531 1232 1582 ψευδομαρτυρίων
1256 1532 1452 1581 ἐπεσκημ-

64 1611 104 1633 20
122 1595 258 1647 μένον·
295 1594 367 1645 τὴν
392 1594 578 1646 διαθήκην
604 1595 672 1635 οὐκ
705 1596 918 1641 ἀποδόντα,
951 1596 1039 1637 οὐδὲ
1067 1596 1135 1637 τὸν
1165 1597 1274 1638 οἶκον
1304 1598 1452 1648 μισθώ-
1489 1616 1531 1653 57

125 1680 254 1704 σαντα
276 1666 354 1702 τῶν
373 1662 504 1713 νόμων
525 1663 778 1703 κελευόντων·
818 1664 955 1703 πίστιν
975 1665 1167 1704 ἐπιθεῖναι
1191 1665 1457 1717 προομνύντος

124 1731 218 1781 ἐμοῦ
244 1731 306 1770 καὶ
331 1734 407 1770 τῶν
425 1730 641 1782 μαρτύρων,
663 1730 759 1770 ὥστ’
779 1732 970 1784 ἀφεῖσθαι
995 1734 1132 1771 τοῦτον
1149 1735 1226 1771 τῶν
1245 1730 1456 1784 χρημάτων

125 1796 211 1837 καθ’
241 1797 264 1837 ἃ
293 1796 362 1837 τὸν
391 1797 552 1837 Μιλύαν
586 1796 790 1854 ἐξῄτησεν,
825 1798 893 1838 οὐκ
928 1797 1112 1849 οἰηθέντα
1143 1801 1243 1845 δεῖν,·
1282 1799 1335 1848 μὰ
1368 1797 1457 1840 τοὺς

125 1864 249 1910 θεούς,
282 1865 359 1916 ἐγὼ
391 1866 463 1915 μὲν
493 1864 561 1904 οὐκ
590 1864 638 1905 ἂν
668 1864 794 1919 ἔχοιμ’
821 1864 1011 1916 ἐπιδεῖξαι
1041 1865 1146 1905 ταῦτ’
1173 1864 1456 1917 ἀκριβέστερον

68 1927 147 1980 25ἢ
173 1934 312 1971 τοῦτον
336 1930 404 1971 τὸν
429 1932 585 1983 τρόπον.
658 1934 758 1973 οὕτω
788 1933 919 1973 τοίνυν
944 1936 1123 1985 φανερῶς
1150 1936 1228 1972 τῶν
1252 1931 1457 1983 μαρτύρων

127 1999 472 2050 καταψευδόμενος
509 1999 570 2039 καὶ
607 2000 649 2039 ἐκ
677 2003 754 2040 τῶν
787 1999 1026 2052 πραγμάτων
1058 1998 1171 2039 οὐδὲν
1204 1999 1456 2050 ζημιούμενος

127 2064 192 2104 καὶ
215 2063 285 2114 τὴν
312 2065 421 2115 δίκην
447 2066 601 2107 δικαίως
627 2066 833 2118 ὠφληκώς,
860 2067 964 2118 ὅμως
991 2067 1258 2120 ἀναισχυντεῖ.
1333 2065 1395 2105 καὶ
1422 2066 1454 2105 εἰ
1485 2071 1528 2114 58

125 2133 198 2182 μὲν
229 2130 282 2181 μὴ
316 2131 378 2171 καὶ
413 2133 517 2183 παρὰ
549 2135 630 2174 τοῖς
659 2133 775 2173 αὑτοῦ
803 2134 936 2185 φίλοις
968 2133 1029 2173 καὶ
1063 2135 1166 2185 παρὰ
1195 2137 1247 2188 τῷ
1279 2136 1454 2189 διαιτητῇ

171 2250 192 2270 2
215 2241 396 2279 ἠθισμένοις
415 2240 438 2271 S
590 2251 607 2280 7
633 2242 981 2283 καταμεμαρτυρημένα
1001 2241 1185 2273 Foerster:
1211 2255 1454 2284 καταμεμαρτυ-

127 2282 264 2324 ρημένον
280 2284 376 2315 codd.
399 2284 481 2324 (ὀυς
497 2284 543 2323 Α)
645 2295 666 2323 9
691 2286 889 2323 ἐθελήσοντα
907 2285 930 2316 S
1032 2295 1067 2316 11
1096 2287 1173 2318 εἶναι
1193 2296 1255 2317 orn.
1277 2286 1314 2317 Sl
1415 2295 1454 2325 15

129 2328 201 2367 περὶ
218 2337 282 2359 om.
299 2326 338 2358 S¹
355 2328 466 2367 spatio
483 2337 588 2358 vacuo
606 2328 723 2358 relicto
867 2339 903 2367 17
931 2329 1132 2367 ἐθελήσαντα
1149 2330 1180 2359 Α
1263 2329 1374 2361 οὐδένα
1390 2333 1456 2361 τῶν

128 2369 180 2401 A:
206 2370 297 2403 οὐδὲν
317 2373 420 2403 αὐτῶν
440 2371 527 2402 FD:
554 2374 619 2403 τῶν
636 2371 659 2401 S
754 2372 792 2401 18
815 2372 834 2410 ἢ
852 2371 975 2404 Μιλύας
993 2375 1121 2412 μᾶλλον
1139 2372 1188 2407 5¹,
1209 2383 1295 2403 corr.
1316 2373 1388 2403 ead.
1410 2383 1452 2403 m.

129 2424 172 2444 20
197 2415 388 2447 ἀποδιδόντα
403 2414 433 2445 Α
567 2426 607 2453 24
632 2417 687 2447 οὐκ
703 2415 756 2456 ἂν]
775 2428 833 2447 nav
851 2415 874 2446 S
1008 2425 1049 2455 25
1073 2419 1138 2448 τῶν
1154 2429 1189 2447 τε
1205 2430 1238 2454 μ.
1258 2416 1283 2446 F
