1685 2772
165 115 300 169 xxxn]
526 119 688 158 ΠΡΟΣ
737 119 1126 158 ΖΗΝΟΘΕΜΙΝ
1527 107 1647 162 [890]

221 227 314 268 ’Έτι
333 229 464 269 τοίνυν
491 227 605 279 ἑτέρα
637 244 694 269 τις
720 227 833 268 ἐστὶν
866 227 980 269 ἐλπὶς
1010 227 1142 269 αὐτοῖς
1173 230 1242 266 τοῦ
1273 226 1492 279 παρακρού-
1526 236 1566 270 31

162 298 309 335 σεσθαι
335 295 395 335 καὶ
422 299 626 347 φενακιεῖν
662 296 773 345 ὑμᾶς.
833 294 1084 335 αἰτιάσονται
1123 293 1403 345 Δημοσθένην,
1433 293 1494 333 καὶ

161 363 297 417 ἐκείνῳ
325 363 393 413 ἐμὲ
417 361 656 403 πιστεύοντα
691 360 897 414 φήσουσιν
927 360 1084 414 ἐξάγειν
1117 362 1286 408 τουτονί,
1312 362 1492 412 ὑπολαμ-

159 428 355 480 βάνοντες
373 433 426 484 τῷ
442 427 589 481 ῥήτορα
608 428 672 468 καὶ
688 429 886 481 γνώριμον
904 429 1003 469 εἶναι
1020 430 1173 469 ἐκεῖνον
1199 427 1367 478 πιθανὴν
1386 427 1495 481 ἔχειν

120 508 137 539 5
159 495 229 546 τὴν
255 496 397 537 αἰτίαν.
469 496 556 546 ἐμοὶ
585 495 617 536 δ’
645 495 732 535 ἐστὶ
761 495 846 546 μέν,
875 493 904 535 ὦ
939 495 1077 547 ἄνδρες
1102 495 1321 546 Ἀθηναῖοι,
1356 498 1491 545 Δημο-

160 562 305 614 σθένης
325 565 464 603 οἰκεῖος
481 561 589 615 γένει
607 561 685 613 (καὶ
699 562 850 604 πάντας
869 564 961 613 ὑμῖν
981 565 1123 613 ὄμνυμι
1138 562 1229 604 τοὺς
1248 561 1359 603 θεοὺς
1375 560 1398 611 ἦ
1416 561 1494 612 μὴν

160 632 264 682 ἐρεῖν
287 627 467 680 τάληθῆ),
493 630 791 682 προσελθόντος
816 629 848 670 δ’
880 630 981 684 αὐτῷ
1015 646 1089 681 μου
1118 629 1181 670 καὶ
1211 632 1392 681 παρεῖναι
1428 629 1491 669 καὶ
1525 646 1569 681 32

159 700 325 748 βοηθεῖν
355 696 558 747 ἀξιοῦντος
585 698 621 737 εἴ
649 713 686 737 τι
719 697 818 750 ἔχοι,
849 695 1047 747 (Δήμωνᾙ
1077 696 1169 749 ἔφη,
1200 694 1210 712 ‘
1228 696 1306 748 ἐγὼ
1336 695 1491 746 ποιήσω

158 766 230 815 μὲν
257 764 308 806 ὡς
333 763 380 804 ἂν
408 763 458 803 σὺ
485 764 647 819 κελεύῃς
671 762 750 815 (καὶ
777 765 852 816 γὰρ
879 763 927 804 ἂν
953 763 1082 804 δεινὸν
1108 761 1192 814 εἵη).
1266 766 1328 803 δεῖ
1357 761 1491 814 μέντοι

98 847 137 869 10
161 832 223 871 καὶ
249 830 293 872 τὸ
319 834 466 871 σαυτοῦ
503 832 564 871 καὶ
590 830 736 881 τούμὸν
769 831 1027 883 λογίσασθαι.
1090 830 1177 881 ἐμοὶ
1213 828 1488 880 συμβέβηκεν,

160 897 231 951 ἀφ’
248 898 292 939 οὗ
318 898 406 950 περὶ
426 901 503 938 τῶν
522 901 662 938 κοινῶν
682 896 818 948 λέγειν
837 896 1028 948 ἠρξάμην,
1049 898 1146 948 μηδὲ
1171 896 1268 948 πρὸς
1285 896 1325 936 ἓν
1345 895 1491 948 πρᾶγμ’
1523 895 1630 950 [891]

158 966 258 1006 ἴδιον
295 964 651 1018 προσεληλυθέναι·
705 965 812 1004 ἀλλὰ
850 964 911 1004 καὶ
947 966 1016 1013 τῆς
1050 964 1253 1005 πολιτείας
1289 963 1407 1012 αὐτῆς
1443 963 1491 1002 τὰ

159 1031 305 1073 τοιαῦτ’
334 1031 528 1083 ἐξέστηκα
554 1060 712 1071 .....

205 1152 217 1172 1
244 1141 524 1184 παρακρούσασθαι
539 1140 570 1170 Α
582 1138 647 1180 FQ
663 1140 693 1170 D
813 1150 833 1179 3
856 1153 895 1180 με
912 1140 943 1170 Α
1035 1142 1207 1181 ἐξαγαγεῖν
1222 1140 1253 1170 Α
1373 1150 1392 1179 5
1418 1143 1488 1174 ἐστὶ

155 1185 214 1225 μέν
233 1186 256 1217 S
272 1197 279 1217 :
304 1186 396 1218 ἐστίν
412 1184 501 1224 vulg.
595 1184 617 1216 ὦ
636 1185 664 1217 ἄ.
686 1183 750 1224 ’A.]
769 1186 785 1215 ὁ
802 1184 833 1213 Α
935 1194 956 1222 9
980 1189 1057 1223 post
1073 1183 1185 1224 μέντοι
1204 1184 1279 1214 add.
1296 1196 1332 1215 σε
1349 1183 1395 1216 A:
1420 1195 1483 1218 om.

157 1235 233 1261 cett.
374 1239 411 1268 13
443 1228 476 1258 in
505 1228 572 1258 fine
599 1237 750 1258 mancam
780 1237 856 1257 esse
883 1227 1068 1257 orationem
1095 1232 1129 1258 et
1155 1227 1316 1259 Reiskius
1341 1228 1421 1259 vidit
1455 1235 1486 1260 et

157 1272 328 1312 signorum
348 1272 372 1303 S
385 1273 408 1303 S
422 1271 445 1302 S
460 1271 483 1305 S
496 1271 520 1302 S
537 1271 643 1302 tribus
661 1270 817 1302 versibus
835 1269 1019 1301 indicatum
1041 1276 1092 1301 est
1110 1271 1142 1301 in
1163 1271 1186 1302 S

203 1317 240 1347 In
259 1316 283 1347 S
301 1316 525 1355 subscriptum

634 1362 740 1392 ΠΡΟΣ
765 1363 1009 1391 ΖΗΝΟΘΕΜΙΝ

704 1407 939 1435 ΠΑΡΑΓΡΑΦΗ
