1685 2772
55 105 172 160 [868]

132 357 172 391 18

632 116 1122 155 ΔΗΜΟΣΘΕΝΟΤΣ
1431 111 1533 167 [xxx

765 273 977 302 ΜΑΡΤΤΡΙΑ.

271 352 493 406 Ἀνάγνωθι
520 354 562 394 δὲ
589 353 652 393 καὶ
677 353 822 404 ταύτην
847 354 919 404 τὴν
943 353 1170 406 μαρτυρίαν.

767 493 978 520 ΜΑΡΤΤΡῙΑ.

272 573 410 622 Δῆλον
440 572 513 621 μὲν
545 571 677 611 τοίνυν
708 572 770 611 καὶ
805 573 846 611 ἐκ
879 576 957 612 τῶν
981 570 1349 624 μεμαρτυρημένων,
1377 572 1436 611 ὅτι
1468 569 1539 620 τὴν

280 641 298 650 Α
321 637 330 652 3
387 637 396 650 ²
460 637 470 650 Ι
603 638 612 651 Ί
677 637 686 651 Ί
719 639 728 652 ἱ
764 639 774 652 Χ
832 642 850 650 ἢ
991 637 1002 652 Ι
1109 638 1119 653 )
1207 639 1216 652 Ι
1332 638 1344 651 Χ
1430 637 1440 650 Ί
1483 638 1495 652 l

205 655 318 691 προικ
356 654 400 677 ου
424 640 572 683 δοντες,
595 642 675 677 αλλ
712 655 776 678 επι
801 655 854 692 τῳ
880 639 1084 693 διασῳζειν
1122 642 1279 693 Αφοβῳ
1304 655 1375 688 την
1401 654 1540 677 ουσιαν

204 708 327 746 ταῦτα
366 707 548 755 τολμῶσι
584 704 784 755 πράττειν.
845 705 881 745 οἳ
914 706 989 757 γὰρ
1025 706 1066 745 ἐν
1102 705 1280 759 τοσούτῳ
1317 705 1446 758 χρόνῳ
1479 704 1540 744 καὶ

61 777 186 833 [869]
208 773 425 824 ὀφειλῆσαι
452 774 512 812 καὶ
537 774 750 813 ἀποδοῦναι
785 773 848 812 καὶ
879 773 952 823 τὴν
984 771 1133 825 γυναῖκ’
1164 772 1376 812 ἀπολιπεῖν
1405 771 1466 811 καὶ
1491 771 1535 810 οὐ

209 840 451 889 κομίσασθαι
489 839 552 879 καὶ
587 839 632 879 τὸ
663 841 811 892 χωρίον
847 838 1173 890 ἀποτιμήσασθαί
1200 844 1340 890 φασιν,
1374 841 1456 879 πῶς
1492 836 1537 877 οὐ

208 906 380 957 φανερὸν
411 907 471 945 ὅτι
503 905 748 958 προστάντες
781 908 848 945 τοῦ
882 905 1110 958 πράγματος
1142 907 1189 945 τὰ
1218 904 1437 957 γνωσθένθ’
1469 903 1538 956 ὑφ’

1561 654 1578 684 5

141 989 184 1024 19
206 974 313 1022 ὑμῶν
350 974 629 1025 ἀποστερῆσαί
661 991 709 1023 με
748 974 948 1023 ζητοῦσιν;
991 972 1040 1014 ὡς
1077 975 1118 1012 δὲ
1155 972 1218 1011 καὶ
1256 971 1302 1022 ἐξ
1332 973 1386 1012 ὧν
1424 971 1540 1012 αὐτὸς
1562 987 1599 1009 10

135 1387 180 1412 20

138 1922 180 1948 21

207 1040 318 1082 οὗτος
345 1041 407 1081 καὶ
431 1040 678 1092 Τιμοκράτης
705 1042 766 1080 καὶ
784 1039 973 1092 ”Αφοβος
999 1041 1270 1091 ἀπεκρίναντο,
1300 1039 1373 1092 οὐχ
1399 1039 1482 1079 οἶόν
1507 1037 1540 1077 τ’

208 1108 475 1148 ἀποδεδόσθαι
512 1107 584 1157 τὴν
620 1111 773 1158 προῖκα,
806 1106 911 1146 ταῦτ’
954 1107 1026 1157 ἤδη
1066 1106 1306 1158 πειράσομαι
1342 1105 1542 1146 διδάσκειν

205 1175 316 1224 ὑμᾶς.
383 1175 461 1227 ἐγὼ
486 1172 575 1226 γάρ,
594 1172 623 1213 ὦ
650 1173 787 1225 ἄνδρες
814 1174 1009 1219 δικασταί,
1031 1173 1180 1213 τούτων
1204 1173 1374 1213 ἕκαστον
1393 1173 1544 1225 ἠρόμην

207 1244 370 1281 πολλῶν
398 1241 576 1281 ἐναντίον
601 1240 821 1292 μαρτύρων,
850 1238 1049 1291 Ὀνήτορα
1072 1242 1146 1291 μὲν
1182 1239 1244 1280 καὶ
1276 1239 1543 1291 Τιμοκράτην,

207 1307 245 1348 εἴ
273 1323 377 1350 τινες
407 1306 486 1348 εἶεν
521 1306 713 1359 μάρτυρες
738 1307 794 1347 ὧν
832 1307 1012 1347 ἐναντίον
1050 1306 1122 1357 τὴν
1159 1305 1286 1360 προῖκ’
1327 1305 1544 1352 ἀπέδοσαν,

209 1374 328 1415 αὐτὸν
352 1374 385 1414 δ’
403 1373 610 1428 ”Αφοβον,
639 1376 674 1415 εἴ
696 1391 797 1415 τινες
823 1375 1008 1425 παρῆσαν
1032 1373 1090 1413 ὅτ’
1116 1373 1417 1424 ἀπελάμβανεν.
1485 1372 1549 1412 καί

209 1458 276 1493 μοι
316 1440 461 1483 πάντες
499 1441 761 1494 ἀπεκρίναντο
798 1439 883 1479 καθ’
923 1440 1105 1486 ἕκαστον,
1144 1442 1203 1480 ὅτι
1242 1441 1367 1482 οὐδεὶς
1401 1439 1546 1492 μάρτυς

210 1510 366 1561 παρείη,
394 1510 590 1560 κομίζοιτο
616 1511 657 1549 δὲ
683 1506 905 1559 λαμβάνων
931 1506 1016 1547 καθ’
1037 1508 1260 1548 ὁποσονοῦν
1285 1506 1400 1548 δέοιτ’
1413 1506 1544 1559 ’Ἄφο-

210 1580 286 1628 βος
305 1575 394 1629 παρ’
416 1575 554 1618 αὐτῶν.
619 1576 746 1616 καίτοι
769 1578 823 1629 τῷ
842 1574 948 1614 τοῦθ’
969 1576 1077 1626 ὑμῶν
1098 1576 1258 1625 πιστόν,
1281 1575 1332 1617 ὡς
1350 1573 1546 1615 ταλάντου

211 1645 279 1693 τῆς
304 1643 464 1695 προικὸς
495 1644 617 1694 οὔσης
646 1642 738 1683 ἄνευ
765 1641 973 1694 μαρτύρων
999 1642 1179 1695 Ὀνήτωρ
1208 1643 1270 1683 καὶ
1299 1641 1546 1694 Τιμοκράτης

211 1709 381 1765 Ἀφόβῳ
412 1714 605 1751 τοσοῦτον
640 1709 827 1762 ἀργύριον
862 1711 1129 1763 ἐνεχείρισαν;
1167 1708 1196 1765 ᾠ
1228 1727 1280 1761 μη
1317 1711 1376 1750 ὅτι
1409 1712 1547 1748 τοῦτον

213 1776 283 1817 τὸν
319 1778 480 1830 τρόπον,
518 1777 610 1818 ἀλλ’
647 1776 737 1817 οὐδὲ
771 1778 869 1828 μετὰ
905 1781 1069 1818 πολλῶν
1101 1777 1305 1830 μαρτύρων
1338 1775 1547 1818 ἀποδιδοὺς

215 1845 298 1901 εἰκῇ
333 1862 391 1887 τις
421 1844 468 1886 ἂν
501 1847 751 1891 ἐπίστευσεν,
780 1843 830 1885 ἵν’
864 1846 900 1885 εἴ
927 1862 985 1887 τις
1018 1847 1195 1898 γίγνοιτο
1224 1843 1408 1897 διαφορά,
1436 1844 1543 1894 κομί-

215 1913 365 1952 σασθαι
388 1913 530 1966 ῥᾳδίως
556 1911 645 1965 παρ’
670 1914 760 1964 ὑμῖν
785 1912 957 1963 δύνηται.
1027 1911 1079 1963 μὴ
1105 1914 1179 1965 γὰρ
1203 1913 1263 1952 ὅτι
1288 1911 1383 1963 πρὸς
1407 1914 1546 1950 τοῦτον

213 1982 390 2020 τοιοῦτον
427 1981 535 2026 ὄντα,
575 1980 666 2020 ἀλλ’
707 1979 795 2020 οὐδὲ
833 1979 929 2031 πρὸς
966 1979 1092 2019 ἄλλον
1128 1978 1206 2018 οὐδ’
1231 1978 1279 2018 ἂν
1316 1979 1371 2019 εἷς
1407 1976 1546 2017 οὐδένα

258 2099 276 2128 7
302 2089 354 2122 καὶ
371 2094 450 2120 ante
467 2090 529 2128 τὴν
546 2099 611 2120 orn.
633 2088 683 2126 S‘,
702 2090 775 2120 add.
795 2089 868 2119 ead.
889 2099 931 2119 m.
1075 2089 1125 2119 καὶ
1140 2090 1175 2119 οὐ
1192 2088 1382 2126 κομίσασθαι
1396 2092 1475 2117 ante
1493 2087 1545 2119 καὶ

215 2132 277 2171 τὴν
292 2133 390 2163 codd.
406 2144 412 2164 :
439 2138 566 2172 transp.
589 2133 738 2172 Sauppe,
757 2133 797 2163 cf.
819 2136 833 2170 §
851 2134 871 2162 8
959 2143 980 2172 9
1004 2133 1053 2163 ὅτι
1071 2131 1271 2172 πρόσταντες
1286 2133 1344 2162 τοῦ
1359 2129 1546 2171 πράγματος

215 2178 255 2208 τὰ
279 2177 468 2217 γνωσθέντα
495 2177 609 2215 vulg.:
635 2179 670 2208 ἐκ
697 2178 754 2207 τοῦ
779 2176 965 2217 πράγματος
994 2177 1043 2207 ὅτι
1067 2173 1336 2215 καταγνωσθέντα
1364 2174 1388 2204 S
1418 2174 1482 2213 (ὅτι
1506 2178 1546 2205 τὰ

215 2219 404 2259 ’γνωσθέντα
422 2220 445 2250 S
463 2222 534 2261 γρ.)
694 2230 730 2249 12
754 2221 845 2252 ταῦτ’
862 2219 938 2259 ἤδη]
956 2219 1079 2256 ταύτην
1096 2219 1133 2256 δὴ
1153 2217 1190 2248 S¹
1347 2226 1385 2256 15
1410 2218 1440 2249 οἵ
1461 2229 1546 2248 τινες

218 2263 244 2293 F
258 2263 288 2293 D
412 2265 450 2293 16
474 2265 505 2295 οἵ
518 2277 603 2295 τινες
620 2262 651 2292 Α
664 2263 730 2292 FD
855 2272 892 2301 17
918 2261 986 2294 καθ’
1006 2262 1145 2294 ἕκαστον
1161 2271 1226 2292 om.
1247 2259 1284 2290 Sl
1414 2270 1452 2299 19
1475 2263 1546 2299 ὑμῖν

219 2306 244 2336 F
257 2306 287 2337 D
434 2317 473 2337 21
501 2307 712 2347 ἐνεχείρησαν
730 2305 753 2336 S
902 2315 942 2335 22
967 2305 1054 2346 οὐδὲ]
1071 2307 1106 2337 οὐ
1125 2304 1191 2334 FD
1334 2314 1375 2342 23
1399 2304 1545 2344 ’γίγνοιτο

219 2349 266 2381 S:
289 2349 418 2391 γένοιτο
442 2349 528 2389 vulg.
706 2359 746 2386 24
772 2349 844 2391 παρ’
864 2351 934 2389 ὑμῖν
950 2349 1061 2388 vulg.:
1087 2348 1136 2380 ὑπ’
1161 2350 1257 2379 αὐτοῦ
1282 2347 1324 2378 S:
1354 2348 1423 2387 παρ’
1448 2347 1546 2378 αὐτοῦ

219 2393 358 2424 Voemel
447 2392 580 2434 τοῦτον]
598 2394 654 2425 τὸν
672 2393 697 2423 F
712 2393 742 2423 D

1569 1316 1606 1347 ¹5

1568 1657 1606 1679 20

1568 1992 1605 2022 25
