1685 2772
139 547 155 577 5

120 871 158 893 10

119 1547 157 1568 20

117 1878 155 1910 ²5

180 140 361 194 xxxvm]
527 145 684 183 ΠΡΟΣ
722 145 1143 183 ΝΑΎΣΙΜΑΧΟΝ

177 253 245 294 τὸν
270 254 420 295 ἐκείνου
447 254 616 295 θάνατον
646 259 723 295 τῶν
747 254 949 307 ἡμετέρων
975 254 1158 307 ἐγένοντο
1184 254 1318 306 κύριοι,
1349 254 1410 293 καὶ
1434 257 1503 304 τῆς

177 323 326 362 ἑαυτῶν
360 322 520 374 μητρός,
547 322 631 372 ἥτις
667 321 823 362 ἅπαντα
847 322 951 362 ταῦτ’
975 321 1069 377 ᾔδει,
1098 322 1160 362 καὶ
1197 324 1404 371 διαιτητῶν
1441 321 1503 361 καὶ

176 389 380 441 μαρτύρων
407 389 468 429 καὶ
499 388 657 429 πάντων
690 387 783 441 [τῶν
808 384 1028 441 πλείστων]
1059 388 1110 430 ὡς
1146 389 1284 433 εἰπεῖν,
1311 387 1384 438 τὴν
1408 387 1502 438 ἡμε-

177 454 292 507 τέραν
328 457 509 508 ἀπειρίαν
544 456 606 496 καὶ
641 456 713 506 τὴν
750 455 796 506 ἐξ
829 455 1002 508 ἀνάγκης
1034 455 1198 507 ἄγνοιαν
1223 458 1299 494 τῶν
1324 471 1502 507 πεπραγ-

176 521 306 572 μένων
336 523 497 574 ἕρμαιον
529 523 766 574 νομίσαντες
799 525 957 568 ἑαυτῶν,
985 523 1053 563 τὰς
1088 522 1195 562 δίκας
1227 521 1321 571 ἡμῖν
1353 522 1503 575 ἔλαχον

177 591 355 634 ταυτασί,
374 590 436 629 καὶ
461 590 586 641 λόγον
604 590 693 630 οὔτε
717 591 865 630 δίκαιον
883 589 962 629 οὔτ’
983 591 1132 639 ἐπιεικῆ
1149 591 1330 639 τολμῶσι
1353 587 1502 639 λέγειν.

177 654 280 706 φασὶ
305 657 380 707 γὰρ
400 655 467 695 οὐκ
487 657 710 696 ἀποδόσθαι
728 658 776 696 τὰ
792 655 938 710 πατρῷ’
956 657 1011 696 ὧν
1029 655 1256 706 ἐκομίζοντο
1276 653 1501 707 χρημάτων,

177 721 256 760 οὐδ’
273 722 496 772 ἀποστῆναι
520 727 598 762 τῶν
619 725 756 769 ὄντων,
774 722 865 763 ἀλλ’
891 722 954 763 ὅσ’
982 722 1112 765 αὐτοῖς
1138 724 1378 774 κατελείφθη
1403 720 1503 774 χρέα

178 789 241 828 καὶ
266 789 385 839 σκεύη
413 789 474 829 καὶ
494 791 597 831 ὅλως
621 789 816 844 χρήματα,
838 789 945 830 ταῦθ’
969 793 1117 831 ἑαυτῶν
1143 792 1365 843 γίγνεσθαι.
1425 788 1503 840 ἐγὼ

177 854 209 894 δ’
234 854 306 896 οἶδ’
332 855 482 896 ἀκούων
508 857 568 896 ὅτι
592 856 662 907 τὴν
688 857 828 898 οὐσίαν
858 858 1104 908 Ξενοπείθης
1137 858 1198 897 καὶ
1225 855 1504 908 Ναυσικράτης

177 922 339 963 ἅπασαν
357 922 457 976 χρέα
481 923 709 971 κατέλιπον,
729 925 791 965 καὶ
817 926 994 978 φανερὰν
1011 924 1216 975 ἐκέκτηντο
1235 923 1377 976 μικράν
1402 939 1501 963 τινα·

178 988 502 1042 εἰσπραχθέντων
528 993 570 1030 δὲ
594 995 671 1031 τῶν
697 994 826 1044 χρεῶν
854 993 921 1031 καί
936 1008 1054 1032 τινων
1081 995 1233 1031 σκευῶν
1259 989 1501 1043 πραθέντων,

178 1056 242 1097 ἔτι
261 1055 294 1095 δ’
320 1057 588 1109 ἀνδραπόδων,
617 1058 682 1097 καὶ
705 1059 753 1097 τὰ
778 1059 905 1110 χωρία
926 1058 988 1097 καὶ
1013 1060 1083 1100 τὰς
1109 1058 1310 1098 συνοικίας
1327 1056 1503 1108 ἐπρίανθ’

177 1125 214 1163 οἱ
231 1123 448 1175 ἐπίτροποι,
469 1124 493 1164 ἃ
513 1124 747 1176 παρέλαβον
767 1124 886 1164 οὗτοι.
925 1125 958 1164 εἰ
977 1126 1048 1175 μὲν
1066 1124 1133 1163 οὖν
1149 1126 1269 1175 μηδὲν
1285 1123 1500 1176 ἠμφεσβη-

176 1189 274 1240 τήθη
304 1191 393 1242 περὶ
417 1191 566 1231 τούτων
591 1191 797 1242 πρότερον,
828 1190 917 1242 μηδ’
939 1191 989 1231 ὡς
1023 1190 1065 1230 οὐ
1093 1194 1221 1232 καλῶς
1254 1189 1502 1244 διῳκημένων

177 1258 231 1298 εἰς
269 1257 379 1307 δίκην
409 1256 543 1307 ἦλθεν,
583 1257 706 1298 ἄλλος
730 1256 778 1297 ἂν
807 1256 855 1307 ἦν
883 1258 1017 1309 λόγος·
1070 1257 1204 1307 ἐπειδὴ
1235 1256 1266 1297 δ’
1304 1257 1401 1304 ὅλην
1431 1255 1502 1305 τὴν

176 1323 390 1375 ἐπιτροπὴν
419 1323 710 1376 ἐγκαλέσαντες
742 1324 848 1364 οὗτοι
880 1324 941 1363 καὶ
971 1324 1078 1365 δίκας
1113 1324 1306 1376 λαχόντες
1334 1321 1502 1376 χρήματ’

177 1388 411 1443 ἐπράξαντο,
429 1390 559 1432 πάντα
573 1390 679 1431 ταῦτ’
695 1392 857 1443 ἀφεῖται
872 1391 973 1430 τότε.
1045 1391 1135 1430 οὔτε
1151 1392 1225 1442 γὰρ
1245 1390 1351 1429 οὗτοι
1367 1390 1500 1430 τούνό-

175 1474 298 1508 ματος
322 1457 446 1508 δήπου
468 1461 538 1498 τοῦ
555 1461 624 1508 τῆς
649 1460 860 1510 ἐπιτροπῆς
884 1459 954 1499 τὰς
980 1457 1086 1498 δίκας
1108 1457 1281 1503 ἐδίωκον,
1304 1457 1408 1496 ἀλλὰ
1425 1460 1503 1496 τῶν

175 1524 401 1577 χρημάτων,
424 1525 503 1564 οὔτ’
530 1526 672 1565 ἐκεῖνοι
696 1525 867 1576 τοῦνομα
885 1523 988 1564 τοῦτ’
1009 1523 1192 1564 ἐωνοῦνθ’
1212 1525 1266 1564 ὧν
1287 1523 1501 1564 ἀπέτεισαν

175 1591 399 1645 χρημάτων,
429 1593 535 1631 ἀλλὰ
559 1593 607 1632 τὰ
632 1591 873 1644 ἐγκλήματα.

235 1657 332 1698 ‘'Orc
356 1661 428 1710 μὲν
448 1658 514 1699 οὖν
540 1660 593 1698 ὧν
623 1659 699 1710 πρὸ
724 1663 802 1698 τῶν
836 1660 1084 1710 ἀπαλλαγῶν
1114 1656 1348 1710 εἰσέπραξεν
1372 1660 1502 1710 χρεῶν

177 1725 197 1764 ὁ
223 1725 349 1777 πατὴρ
366 1722 388 1775 ἢ
413 1727 516 1767 ὅλως
536 1725 686 1776 ἔλαβεν
705 1725 919 1779 χρημάτων
938 1727 981 1765 ἐκ
1000 1727 1069 1775 τῆς
1094 1727 1318 1777 ἐπιτροπῆς,
1345 1724 1503 1765 οὐδενός

177 1793 280 1832 εἰσιν
297 1794 400 1832 δίκαι
424 1793 575 1834 τούτοις
602 1792 686 1832 καθ’
710 1793 821 1843 ἡμῶν
846 1791 1183 1844 ἀπηλλαγμένοις,
1207 1791 1254 1842 ἐξ
1274 1791 1401 1831 αὐτῶν
1425 1795 1503 1832 τῶν

177 1860 306 1910 νόμων
333 1860 394 1900 καὶ
419 1862 488 1909 τῆς
515 1858 701 1912 ἀφέσεως
727 1861 868 1901 ἱκανῶς
892 1859 1042 1900 πάντας
1065 1859 1234 1910 ἡγοῦμαι
1257 1859 1355 1909 ὑμᾶς
1379 1875 1502 1909 μεμα-

177 1925 348 1975 θηκέναι.
420 1927 480 1966 ὅτι
513 1926 545 1966 δ’
580 1927 749 1979 ὕστερον
783 1927 851 1966 οὐκ
881 1926 939 1966 ἔνι
970 1925 1042 1975 τὴν
1072 1925 1232 1976 κομιδὴν
1263 1927 1505 1977 γεγενῆσθαι

175 1993 325 2033 τούτων
345 1997 424 2033 τῶν
442 1993 656 2046 χρημάτων
675 1993 802 2044 (τοῦτο
819 1994 894 2045 γὰρ
911 1991 1157 2033 πλάττουσιν
1173 1992 1277 2032 οὗτοι
1298 1992 1359 2032 καὶ
1378 1991 1502 2043 παρά-

177 2058 343 2111 γουσιν),
365 2064 478 2100 τοῦτο
503 2060 704 2111 βούλομαι
724 2058 861 2109 δεῖξαι.
922 2059 989 2100 τὸν
1015 2062 1087 2110 μὲν
1106 2061 1181 2112 γὰρ
1200 2058 1336 2111 πατέρ’
1357 2058 1436 2099 οὐδ’
1455 2058 1504 2099 ἂν

219 2179 240 2208 3
263 2173 329 2201 τῶν
345 2170 510 2202 πλείστων
528 2170 592 2200 del.
609 2170 745 2201 Dobree
834 2180 897 2208 3-4
922 2171 982 2208 τὴν
999 2171 1052 2201 ἀπ.
1066 2170 1128 2208 τὴν
1143 2169 1198 2208 ἡμ.
1216 2168 1247 2198 Α
1335 2178 1354 2208 5
1381 2168 1504 2209 ἔλαχον

176 2213 250 2251 ἡμῖν
264 2213 295 2243 Α
362 2215 383 2243 6
399 2213 518 2245 ταύτας
531 2213 563 2242 Α
576 2213 600 2243 F
611 2213 642 2252 Q
689 2217 763 2245 οὔτε
776 2216 802 2245 δ.
818 2213 908 2254 οὔτε]
924 2216 980 2245 οὐκ
994 2213 1020 2243 F
1031 2212 1060 2251 Q
1075 2213 1104 2243 D
1173 2223 1190 2252 7
1209 2211 1381 2244 ἀποδόσθαι
1395 2213 1504 2251 vulg.:

177 2257 380 2288 ἀποδίδοσθαι
398 2256 422 2287 S
526 2268 548 2296 9
571 2271 674 2289 ταυτα
689 2259 731 2289 τὰ
749 2257 773 2287 S
873 2266 908 2286 11
936 2256 1129 2289 κατέλειπον
1146 2256 1169 2286 S
1271 2265 1308 2294 13
1333 2257 1383 2287 uta)
1401 2257 1441 2287 τὰ
1459 2256 1503 2287 S:

176 2300 217 2331 τὰ
233 2300 322 2339 vulg.
473 2310 512 2340 14
537 2301 772 2341 ἠμφισβητήθη
791 2300 814 2330 S
833 2311 899 2330 rec.
919 2301 1008 2340 vulg.
1151 2301 1189 2329 18
1213 2302 1316 2331 ταῦτα
1332 2299 1437 2330 πάντα
1453 2298 1505 2328 A:

176 2345 280 2375 ταῦτα
295 2344 373 2374 secl.
393 2343 491 2374 Blass
603 2355 642 2383 19
664 2346 721 2376 τοῦ
738 2354 800 2375 om.
824 2344 855 2374 A
966 2354 1008 2374 20
1032 2343 1223 2383 ἀπέτεισαν]
1242 2355 1423 2380 απαιτησαν
1441 2341 1479 2372 Sl
1498 2353 1506 2372 ε

177 2386 333 2419 ἀπέτισαν
351 2388 375 2418 S
393 2398 478 2419 corr.
497 2388 585 2427 vulg.
676 2398 717 2417 22
742 2387 784 2419 ὧν
800 2392 877 2426 post
894 2388 1093 2428 ἀπαλλαγῶν
1107 2387 1183 2418 add.
1197 2386 1220 2417 S
1311 2396 1352 2425 25
1368 2386 1504 2426 ἡγοῦμαι

178 2431 255 2468 ὑμᾶς
273 2430 296 2460 S
308 2431 339 2460 A
354 2443 360 2461 :
387 2434 462 2471 ὑμᾶς
479 2432 616 2473 ἡγοῦμαι
635 2431 724 2471 vulg.
861 2431 902 2461 28
926 2431 990 2462 οὐδ’
1008 2429 1063 2471 ἂν]
1081 2430 1172 2462 οὐδὲν
1190 2429 1214 2460 S

1537 133 1660 191 [986]

1534 1181 1655 1237 [987]

1537 2067 1580 2092 10
