1685 2772
129 105 250 160 xxlx]
558 110 719 149 ΠΡΟΣ
768 109 1024 148 ΑΦΟΒΟΝ
1492 108 1612 163 [856]

130 227 190 280 ἄρ’
216 227 284 267 οὐκ
310 227 413 280 ἔχει;
451 229 606 267 πολλοῦ
627 243 676 279 γε
699 229 770 267 δεῖ·
809 225 900 268 τοὺς
925 227 1000 278 γὰρ
1035 225 1187 266 εἰδότας
1220 224 1283 264 καὶ
1314 225 1460 276 παρόν-

129 311 199 337 τας
230 293 427 346 μάρτυρας
457 294 720 347 παρεσχόμην
753 293 844 345 ἐγώ.
921 290 1132 343 τεκμήριον
1161 292 1203 332 δὲ
1235 292 1296 331 καὶ
1326 292 1460 332 πίστις

131 361 254 408 ἐστίν,
282 361 348 401 οὐκ
376 362 412 401 εἴ
433 362 492 403 τίς
515 378 552 401 τι
575 359 627 411 μὴ
661 360 745 401 οἶδε
772 363 911 400 τοῦτον
941 359 1088 412 ἔχοντα
1117 359 1278 409 (πολλοὶ
1302 359 1376 410 γὰρ
1411 357 1459 398 ἂν

129 426 233 478 εἷεν),
262 427 353 468 ἀλλ’
379 429 415 468 εἴ
435 444 493 469 τις
519 427 635 467 οἶδεν.
708 425 1144 479 καταμαρτυρησάντων
1163 425 1293 465 τοίνυν
1316 425 1458 465 τοσού-
1490 441 1531 472 41

91 514 108 545 5
129 511 208 535 των
245 511 317 534 σου
353 494 570 546 μαρτύρων,
607 494 684 534 τίνι
715 497 793 534 τῶν
826 493 1180 546 ψευδομαρτυρίων
1217 490 1457 544 ε’πεσκήψω;

129 560 271 612 δεῖξον.
343 561 434 602 ἀλλ’
462 561 529 601 οὐκ
554 560 602 600 ἂν
628 561 736 613 ἔχοις
762 558 899 610 δεῖξαι.
973 560 1100 599 καίτοι
1130 563 1212 601 πῶς
1246 558 1291 598 οὐ
1319 563 1460 611 σαφῶς

129 628 181 668 σὺ
205 628 352 668 σαυτὸν
377 627 619 681 ἐξελέγχεις,
641 629 700 667 ὅτι
725 628 866 679 ψεύδει
892 628 1000 667 δεινὰ
1024 625 1265 667 πεπονθέναι
1290 624 1459 678 φάσκων

128 694 192 735 καὶ
228 694 300 745 τὴν
332 696 442 745 δίκην
473 696 614 736 ἀδίκως
646 693 878 747 ὠφληκέναι
913 697 982 734 τὸν
1014 693 1222 745 ἄνθρωπον
1251 692 1295 733 οὐ
1331 709 1455 744 παρα-

126 762 281 812 λαβών,
309 760 350 803 ὃς
376 761 466 803 τοὺς
492 765 611 801 ταῦτα
633 760 962 813 μαρτυρήσαντας
989 761 1098 813 ἔχειν
1125 777 1173 801 σε
1207 760 1270 799 καὶ
1297 762 1456 810 λαβεῖν,

70 849 110 871 10
127 829 214 880 περὶ
256 830 311 869 ὧν
349 828 401 870 ὡς
443 827 487 868 οὗ
531 827 879 880 καταλειφθέντων
916 827 966 867 σὺ
1001 827 1070 867 τὸν
1096 827 1257 867 Μιλύαν
1292 824 1456 882 ἐξῄτεις,

127 896 285 947 ἀφῆκας
315 899 394 935 τῶν
421 896 788 948 ψευδομαρτυρίων;
828 894 894 937 οὓς
924 894 1027 935 πολὺ
1062 894 1228 934 κάλλιον
1261 892 1320 944 ἦν,
1349 894 1457 946 εἴπερ

125 961 306 1012 ἠδίκησο,
333 963 497 1003 διώκειν.
573 961 665 1003 ἀλλ’
689 963 758 1003 οὐκ
783 961 1015 1013 ἠδικημένος
1043 961 1093 1001 σὺ
1118 963 1394 1013 συκοφαντεῖς.
1489 991 1528 1046 [8
1582 991 1595 1046 ]

194 1031 463 1083 Πολλαχόθεν
500 1032 572 1081 μὲν
611 1029 678 1069 οὖν
716 1028 764 1069 ἄν
805 1046 865 1071 τις
902 1031 979 1070 ἴδοι
1019 1028 1091 1079 τὴν
1135 1029 1211 1079 σὴν
1250 1029 1454 1078 πονηρίαν,
1486 1004 1554 1096 425

124 1096 303 1147 μάλιστα
332 1096 364 1136 δ’
392 1098 425 1137 εἰ
454 1097 541 1149 περὶ
576 1099 646 1147 τῆς
678 1095 866 1147 διαθήκης
898 1096 1120 1136 ἀκούσειεν.
1190 1099 1258 1136 τοῦ
1282 1096 1357 1147 γὰρ
1381 1112 1455 1135 πα-

67 1181 105 1214 15
126 1164 230 1214 τρός,
272 1162 303 1203 ὧ
344 1163 481 1215 ἄνδρες
523 1165 717 1210 δικασταί,
757 1165 805 1203 τὰ
840 1163 1158 1216 καταλειφθέντα
1192 1162 1306 1203 πάντ’
1335 1163 1377 1202 ἐν
1410 1168 1457 1219 τῇ

126 1229 291 1286 διαθήκῃ
316 1230 561 1283 γράψαντος,
589 1231 652 1270 καὶ
678 1230 746 1271 τὸν
776 1230 883 1270 οἶκον
913 1231 1018 1271 ὅπως
1047 1230 1338 1281 μισθώσουσιν,
1365 1229 1454 1269 ταύ-

125 1313 196 1347 την
220 1300 293 1348 μὲν
326 1297 393 1336 οὐκ
422 1297 636 1343 ἀπέδωκεν,
663 1298 729 1337 ἵνα
756 1297 809 1348 μὴ
839 1296 885 1337 τὸ
914 1299 1067 1347 πλῆθος
1101 1296 1245 1348 εὕροιμ’
1271 1297 1349 1348 ἐγὼ
1378 1299 1457 1337 τῶν

125 1363 338 1417 χρημάτων
376 1362 424 1413 ἐξ
458 1365 587 1414 αὐτῆς,
628 1364 826 1416 ὡμολόγει
873 1365 915 1403 δὲ
962 1360 1206 1415 [κεκτῆσθαι]
1251 1366 1384 1408 ταῦτα,
1432 1363 1458 1403 ἃ

125 1430 290 1481 μάλιστ’
321 1430 395 1484 οὐχ
424 1432 509 1471 οἶόν
540 1431 573 1470 τ’
610 1430 656 1481 ἣν
686 1430 835 1485 ἐξάρνῳ
866 1430 1055 1483 γενέσθαι
1091 1432 1154 1470 διὰ
1181 1429 1253 1479 τὴν
1285 1429 1453 1482 περιφά-

67 1513 108 1535 20
125 1514 247 1538 νειαν.
318 1497 364 1548 ἣν
390 1499 433 1538 δὲ
457 1497 566 1538 ταῦθ’
591 1498 615 1537 ἃ
639 1497 867 1550 γεγράφθαι
891 1497 1018 1550 φησὶν
1045 1498 1086 1537 ἐν
1111 1502 1158 1553 τῇ
1184 1495 1361 1553 διαθήκῃ,
1389 1496 1457 1536 δύο
1486 1505 1531 1540 43

124 1566 197 1615 μὲν
236 1564 412 1605 τάλαντα
453 1568 711 1617 Δημοφῶντα
742 1567 890 1616 λαβεῖν
925 1564 1050 1610 εὐθύς,
1090 1564 1164 1615 τὴν
1193 1563 1225 1603 δ’
1274 1563 1456 1615 ἀδελφὴν

125 1631 219 1671 ὅταν
244 1631 403 1681 ἡλικίαν
428 1632 501 1687 ἔχῃ
524 1630 655 1684 (τοῦτο
679 1630 713 1672 δ’
737 1631 908 1683 ἔμελλεν
938 1633 993 1673 εἷς
1028 1631 1114 1672 ἔτος
1146 1630 1310 1671 δέκατον
1338 1629 1454 1682 γενή-

127 1695 300 1745 σεσθαι),
327 1702 465 1738 τοῦτον
507 1698 539 1738 δ’
577 1697 822 1751 ὀγδοήκοντα
861 1701 960 1749 μνᾶς
1000 1698 1062 1738 καὶ
1098 1697 1168 1748 τὴν
1201 1697 1350 1749 μητέρα
1383 1696 1457 1746 τὴν

127 1764 224 1815 ἐμὴν
263 1765 325 1804 καὶ
367 1765 438 1815 τὴν
475 1766 600 1805 οἰκίαν
642 1767 777 1811 οἰκεῖν,
816 1766 1069 1817 Θηριππίδην
1113 1764 1144 1804 δ’
1182 1763 1457 1815 ἑβδομήκοντα

66 1846 105 1878 25
124 1834 224 1882 μνᾶς
248 1833 432 1882 λαβόντα
457 1833 758 1884 καρπώσασθαι,
785 1832 881 1874 τέως
911 1832 1009 1884 ἀνὴρ
1035 1833 1112 1884 ἐγὼ
1138 1832 1337 1883 γενοίμην.
1408 1831 1457 1870 τὰ

126 1889 160 1937 δ’
188 1898 279 1938 ἄλλ’
305 1899 367 1938 ὅσ’
394 1900 479 1948 ἐμοὶ
504 1900 625 1952 χωρὶς
656 1900 805 1939 τούτων
840 1900 1095 1951 κατελείφθη,
1125 1899 1186 1938 καὶ
1212 1897 1255 1937 τὸ
1289 1900 1456 1949 μισθοῦν

126 1964 195 2006 τὸν
231 1965 340 2006 οἶκον
376 1966 567 2018 ἠφάνιζεν
611 1968 652 2006 ἐκ
690 1969 760 2017 τῆς
799 1965 997 2016 διαθήκης,
1033 1965 1077 2005 οὐ
1112 1964 1316 2017 συμφέρον
1353 1965 1456 2018 αὑτῷ

174 2086 186 2106 1
213 2077 340 2108 πολλοῦ
362 2089 401 2116 γε
426 2078 475 2108 καὶ
501 2075 594 2107 &TA
609 2076 644 2113 F,
663 2077 722 2106 sed
741 2075 781 2106 cf.
801 2075 887 2106 xxiii
905 2077 977 2114 165,
1002 2075 1132 2114 Hyper.
1161 2074 1245 2105 Phil.
1267 2077 1281 2112 ξ
1301 2083 1318 2112 7
1378 2078 1457 2113 post

127 2119 251 2151 εἰδότας
271 2119 346 2151 add.
368 2121 417 2150 καὶ
436 2119 581 2151 διδόντας
599 2119 622 2150 S
640 2120 732 2149 solus
752 2131 758 2150 :
782 2121 833 2151 καὶ
854 2118 969 2151 δόντας
989 2118 1137 2149 Dindorf
1296 2127 1316 2156 3
1340 2131 1372 2149 τι
1389 2127 1455 2148 om.

127 2161 175 2201 S¹‚
195 2163 270 2193 add.
290 2173 370 2193 sscr.
392 2163 465 2193 ead.
486 2173 529 2194 m.
599 2172 662 2201 4-5
686 2162 853 2194 τοσούτων
873 2176 929 2194 σου
946 2162 1034 2201 vulg.
1054 2174 1060 2193 ε
1086 2174 1143 2194 σου
1160 2161 1327 2193 τοσούτων
1343 2160 1367 2190 S
1438 2170 1455 2199 7

126 2205 226 2246 ψεύδη
245 2206 268 2236 S
411 2216 450 2236 10
475 2206 529 2246 61¹1]
551 2219 601 2237 σοι
620 2206 643 2236 S
744 2206 904 2248 ἀνεξῇτεις
925 2205 961 2236 S1
1107 2215 1144 2234 12
1171 2206 1210 2236 σὺ
1227 2205 1300 2234 hab.
1323 2204 1346 2234 S
1363 2203 1455 2233 solus

132 2258 170 2288 13
196 2252 272 2281 ειδοι
290 2249 313 2279 S
437 2259 474 2288 15
500 2250 606 2281 πάντα
622 2260 686 2280 om.
709 2249 744 2288 S,
764 2250 804 2279 cs.
826 2250 917 2279 xxvii
936 2260 978 2287 40
1104 2251 1143 2279 16
1166 2250 1372 2287 μισθώσωσιν
1389 2246 1455 2277 SA

131 2293 168 2322 18
193 2292 242 2333 ἐξ]
262 2295 326 2324 τῶν
344 2296 377 2333 ἐξ
392 2292 416 2323 S
604 2295 779 2331 κεκτῆσθαι
794 2294 873 2324 secl.
896 2293 993 2323 Blass
1201 2302 1242 2330 25
1267 2292 1345 2323 τέως
1363 2290 1431 2320 FD
1446 2300 1454 2321 :

127 2336 207 2368 τέως
225 2338 263 2368 ἃν
281 2335 305 2366 S
323 2348 330 2367 z
355 2339 379 2367 θ’
397 2336 453 2368 ἕως
470 2337 509 2368 ἂν
524 2336 555 2365 Α
669 2338 732 2377 ἐγὼ
749 2347 813 2367 om.
834 2336 870 2375 F,
891 2336 930 2368 cf.
949 2335 1042 2366 xxvii
1059 2344 1079 2374 5
1233 2345 1272 2373 27
1298 2333 1455 2375 ἠφάνισεν

129 2380 155 2410 F
167 2380 196 2410 D
288 2379 450 2421 συμφέρον
467 2379 490 2409 S
503 2380 552 2411 A:
580 2379 753 2421 συμφέρειν
772 2379 797 2410 F
811 2379 840 2409 D
