1685 2772
52 99 168 156 [873]

123 615 168 650 33

119 1280 164 1314 34

117 1953 158 1990 35

626 112 1113 151 ΔΗΜΟΣΘΕΝΟὙΣ
1428 108 1533 164 [xxx

197 222 274 274 γὰρ
318 223 360 262 ἐν
397 226 451 278 τῷ
488 224 727 278 δικαστηρίῳ
769 223 860 263 τότε
903 222 1124 273 δικάζοντες
1167 221 1229 262 καὶ
1271 225 1350 262 τῶν
1389 220 1534 273 ἔξωθεν

198 289 405 341 παρόντων
435 290 584 331 πολλοὶ
616 289 862 340 συνίσασιν),
907 290 1010 341 ὅμως
1041 291 1084 331 δὲ
1112 290 1176 330 καὶ
1211 287 1408 342 μάρτυρας
1444 291 1534 341 ὑμῖν

199 354 430 408 παρέξομαι.
482 356 550 397 καί
569 374 637 410 μοι
659 359 767 409 λαβὲ
791 357 938 408 ταύτην
957 356 1030 408 τὴν
1052 357 1280 410 μαρτυρίαν.

759 514 968 541 ΜΑΡΤὟῬΙΑ.

258 601 351 643 ’Έτι
389 603 533 648 τοίνυν,
570 599 600 642 ὦ
639 601 777 653 ἄνδρες
814 602 1007 652 δικασταί,
1044 601 1105 641 καὶ
1140 601 1333 655 τεκμηρίῳ
1368 601 1531 657 μεγάλῳ
1551 621 1569 653 5

197 673 346 722 γνῶναι
381 667 532 723 ῥᾴδιον,
573 669 634 708 ὅτι
674 673 722 725 τῇ
763 668 930 722 ἀληθείᾳ
968 666 1137 723 συνῴκει
1174 668 1236 709 καὶ
1274 666 1425 709 οὐδέπω
1469 669 1532 709 καὶ

196 736 364 788 τήμερον
403 734 686 777 ἀπολέλοιπεν.
757 735 852 785 αὕτη
891 736 966 787 γὰρ
1003 734 1027 786 ἡ
1065 733 1176 788 γυνή,
1220 735 1312 787 πρὶν
1359 737 1432 787 μὲν
1479 735 1531 777 ὡς

188 802 381 855 ’Άφοβον
417 804 563 852 ἐλθεῖν,
601 802 696 853 μίαν
732 800 882 854 ἡμέραν
915 801 983 841 οὐκ
1016 801 1246 855 ἐχήρευσεν,
1284 803 1393 842 ἀλλὰ
1425 805 1530 855 παρὰ

198 870 340 920 ζῶντος
370 868 640 922 Τιμοκράτους
681 870 817 923 ἐκείνῳ
860 860 1103 924 συνῴκησεν,
1142 873 1211 910 νῦν
1249 867 1282 909 δ’
1320 871 1362 909 ἐν
1399 869 1531 921 τρισὶν

197 937 330 977 ἔτεσιν
354 935 466 991 ἄλλῳ
492 935 718 977 συνοικοῦσ’
743 935 871 976 οὐδενὶ
897 936 1093 988 φαίνεται.
1147 936 1273 976 καίτοι
1291 939 1344 990 τῷ
1370 937 1527 983 πιστόν,
1552 955 1591 978 ιο

197 1003 247 1045 ὡς
288 1003 378 1044 τότε
418 1003 504 1055 μέν,
550 1004 614 1044 ἵνα
653 1003 706 1054 μὴ
742 1002 990 1056 χηρεύσειεν,
1029 1001 1120 1054 παρ’
1157 1003 1296 1054 ἀνδρὸς
1336 1002 1386 1044 ὡς
1420 1001 1529 1055 ἄνδρ’

196 1069 393 1121 ἐβάδιζεν,
421 1073 489 1111 νῦν
519 1069 566 1117 δ’,
598 1070 709 1122 εἴπερ
742 1070 793 1112 ὡς
833 1071 988 1120 ἀληθῶς
1021 1068 1303 1116 ἀπολέλοιπεν,
1336 1073 1528 1110 τοσοῦτον

195 1137 244 1177 ἂν
276 1138 422 1190 χρόνον
462 1136 675 1191 χηρεύουσ’
714 1136 886 1191 ἠνείχετ’
928 1135 1018 1188 ἐξὸν
1055 1136 1166 1192 ἄλλῳ
1204 1140 1417 1183 συνοικεῖν,
1458 1139 1528 1176 τοῦ

194 1203 229 1244 τ’
261 1205 439 1257 ἀδελφοῦ
472 1203 708 1255 κεκτημένου
742 1204 941 1255 τοσαύτην
978 1204 1133 1250 οὐσίαν,
1172 1202 1267 1254 αὐτή
1304 1221 1347 1244 τε
1382 1204 1526 1254 ταύτην

196 1271 346 1323 ἔχουσα
386 1270 458 1322 τὴν
493 1271 671 1322 ἡλικίαν,·
714 1271 784 1312 οὐκ
813 1271 899 1324 ἔχει
934 1269 1043 1311 ταῦτ’
1080 1269 1282 1321 ἀλήθειαν,
1320 1268 1350 1310 ὦ
1389 1270 1526 1322 ἄνδρες
1548 1288 1584 1320 15

194 1339 389 1386 δικασταί,
429 1336 611 1389 πιθανήν,
651 1339 757 1378 ἀλλὰ
797 1338 914 1390 λόγοι
950 1337 1057 1378 ταῦτ’
1096 1338 1188 1384 εἰσί,
1225 1341 1405 1378 συνοικεῖ
1433 1336 1466 1377 δ’
1502 1337 1525 1388 ἡ

194 1404 292 1457 γυνὴ
313 1408 493 1457 φανερῶς
519 1405 583 1446 καὶ
607 1405 676 1446 οὐκ
701 1406 978 1457 ἐπικρύπτεται
1003 1404 1048 1445 τὸ
1073 1407 1247 1457 πρᾶγμα.
1308 1402 1525 1456 παρέξομαι

193 1471 225 1511 δ’
264 1473 354 1523 ὑμῖν
398 1475 668 1525 Πασιφῶντος
707 1472 937 1525 μαρτυρίαν,
980 1471 1023 1514 ὃς
1071 1473 1357 1524 ἀρρωστοῦσαν
1403 1470 1524 1520 αὐτὴν

194 1538 418 1590 θεραπεύων
452 1539 556 1592 ἑώρα
593 1538 922 1592 παρακαθήμενον
954 1538 1145 1591 νΑφοβον
1183 1539 1246 1580 ἐπὶ
1285 1539 1425 1579 τούτου
1455 1541 1524 1577 τοῦ

192 1605 395 1658 ἄρχοντος,
422 1606 495 1657 ἤδη
521 1607 643 1661 τούτῳ
669 1607 835 1657 ταυτησὶ
859 1609 929 1657 τῆς
954 1607 1063 1658 δίκης
1088 1605 1336 1659 εἰληγμένης.
1376 1605 1442 1645 καί
1457 1621 1524 1653 μοι
1543 1622 1582 1645 20

191 1674 297 1722 λαβὲ
322 1672 393 1723 τὴν
419 1676 690 1726 Πασιφῶντος
714 1675 942 1726 μαρτυρίαν.

746 1845 957 1873 ΜΑΡΤΎῬῙΑ.

256 1935 363 1989 Ἐγὼ
403 1936 535 1976 τοίνυν
577 1936 701 1981 εἰδώς,
745 1934 774 1976 ὦ
817 1936 954 1988 ἄνδρες
986 1938 1179 1983 δικασταί,
1216 1937 1278 1978 καὶ
1313 1939 1412 1987 μετὰ
1446 1936 1518 1990 τὴν

190 2005 301 2053 δίκην
337 2005 479 2043 τοῦτον
517 2002 629 2044 εὐθὺς
666 2003 981 2056 ἀποδεδεγμένον
1022 2005 1070 2044 τὰ
1108 2006 1149 2044 ἐκ
1185 2006 1255 2055 τῆς
1289 2006 1414 2048 οἰκίας
1448 2008 1517 2056 τῆς

189 2069 373 2123 Ἀφόβου
397 2068 591 2123 χρήματα,
620 2071 681 2110 καὶ
713 2070 843 2122 κύριον
868 2074 945 2111 τῶν
974 2069 1007 2111 τ’
1038 2072 1188 2111 ἐκείνου
1220 2072 1282 2112 καὶ
1310 2076 1388 2113 τῶν
1413 2074 1516 2123 ἐμῶν
1537 2088 1575 2120 25

233 2189 250 2218 7
274 2178 333 2218 μὲν
349 2189 414 2210 orn.
432 2178 472 2217 A,
493 2179 549 2217 qui
565 2179 640 2218 μίαν
655 2178 715 2218 μὲν
732 2179 816 2209 infra
833 2179 932 2209 habet
1046 2190 1085 2210 10
1108 2180 1170 2221 τῷ]
1187 2182 1225 2212 τὸ
1243 2180 1266 2210 S
1281 2191 1288 2210 :
1313 2184 1357 2221 τῷ
1371 2184 1468 2213 τοῦτο
1483 2181 1515 2212 Α

192 2233 230 2253 12
255 2225 310 2254 νῦν
330 2222 374 2253 S:
399 2223 464 2254 νυνὶ
481 2223 570 2260 vulg.
671 2223 879 2254 ἀπελελοίπει
898 2222 999 2253 Blass
1122 2234 1160 2263 13
1178 2225 1215 2255 ἂν
1227 2234 1295 2254 om.
1308 2223 1376 2254 FD
1476 2235 1514 2265 15

189 2267 341 2304 ἀλήθειαν
358 2265 382 2297 S
399 2265 505 2305 vulg.:
537 2266 692 2303 ἀληθίνην
714 2266 745 2295 Α
954 2267 994 2296 16
1016 2267 1150 2304 πιθανήν
1174 2267 1221 2298 S:
1255 2269 1376 2306 πιστήν
1399 2269 1515 2307 vulg.:

189 2310 301 2341 πίστιν
323 2308 354 2339 Α
554 2318 590 2347 17
615 2311 671 2340 οὐκ
689 2308 914 2349 ἐπικρύπτεται
940 2309 987 2340 S:
1022 2309 1093 2341 οὐδὲ
1118 2310 1291 2350 κρύπτεται
1308 2312 1420 2350 νυΙξ.ἕ
1448 2311 1514 2344 οὐδ’

192 2353 417 2394 ἐπικρύπτεται
444 2352 542 2383 Blass
742 2363 785 2382 20
809 2352 1004 2393 εἰληγμένης
1021 2353 1140 2384 Wolf:
1176 2353 1365 2394 εἷλεγμένης
1386 2354 1409 2385 S
1425 2355 1490 2385 FD
1506 2367 1513 2387 :

193 2397 414 2437 ἐληλεγμένης
431 2396 462 2426 Α
587 2407 623 2425 21
652 2398 864 2437 Πασιφῶντος
880 2396 967 2436 vulg.
988 2396 1011 2427 S
1022 2410 1072 2438 γρ.
1091 2410 1096 2428 ;
1122 2397 1329 2439 Πασιφάνους
1346 2397 1370 2428 S
