1685 2772
113 127 224 182 [971]

188 361 229 396 18

104 835 223 891 [972]

184 1137 224 1172 19

177 1541 223 1566 20

676 137 1166 175 ΔΗΜΟΣΘΕΝΟὙΣ
1429 131 1594 186 [xxxvu

823 280 1033 307 ΜΑΡΊὝΡῙΑ.

327 360 388 399 Οὐ
412 360 544 400 τοίνυν
570 359 693 410 μόνον
718 359 811 410 ἡμῖν
836 360 940 399 εἰσιν
964 358 1071 399 οὗτοι
1090 357 1295 411 μάρτυρες,
1324 358 1374 400 ὡς
1400 359 1596 411 ἀφείμεθα

261 424 323 467 καὶ
348 430 418 467 νῦν
443 426 813 478 συκοφαντούμεθα,
842 426 948 465 ἀλλὰ
974 426 1036 466 καὶ
1064 428 1334 467 Πανταινετος
1359 425 1487 467 αὐτός.
1530 427 1596 467 ὅτε

258 494 333 546 γὰρ
357 492 573 546 λαγχάνων
602 491 761 547 Εὐέργῳ
786 492 859 542 τὴν
885 492 995 542 δίκην
1020 494 1155 533 εἴασεν
1176 491 1256 543 ἐμέ,
1285 492 1366 532 τότ’
1391 493 1596 545 ἐμαρτύρει

257 556 399 612 [οὗτος]
425 559 520 611 πρὸς
551 559 611 610 ἔμ’
645 560 747 614 αὐτῷ
781 561 902 611 μηδὲν
940 558 1105 612 ἔγκλημ’
1138 560 1363 600 ὑπόλοιπον
1401 558 1514 599 εἶναι·
1553 559 1634 601 οὗ5

258 628 332 679 γὰρ
358 626 408 667 ἂν
430 625 565 676 δήπου,
594 630 670 666 τῶν
703 626 830 666 αὐτῶν
859 625 1108 677 ἀδικημάτων
1138 627 1358 678 παρόντων,
1384 626 1537 679 ἀμφοῖν
1563 626 1596 666 δ’

258 694 402 745 ὁμοίως
427 695 622 745 ἐγκαλῶν,
644 693 714 733 τὸν
738 695 812 744 μὲν
837 694 973 733 εἴασεν
997 697 1049 748 τῷ
1070 692 1103 732 δ’
1123 693 1332 743 ἐδικάζετο.
1388 694 1496 734 ἀλλὰ
1518 693 1596 745 μὴν

256 762 317 800 ὅτι
342 760 378 813 γ’
405 761 471 801 οὐκ
498 762 619 800 ἐῶσιν
645 762 680 800 οἱ
707 761 819 811 νόμοι
844 760 932 813 περὶ
956 764 1034 800 τῶν
1065 761 1164 800 οὕτω
1190 759 1450 814 πραχθέντων
1474 760 1596 802 πάλιν

256 827 488 881 λαγχάνειν,
517 826 624 878 οἶμαι
649 830 722 878 μὲν
747 828 845 877 ὑμᾶς
871 828 933 868 καὶ
957 829 1079 878 μηδὲν
1109 828 1292 868 εἰπόντος
1322 829 1416 879 ἐμοῦ
1447 829 1593 882 γιγνώ-

258 912 383 935 σκειν·
421 896 524 945 ὅμως
551 896 593 934 δὲ
617 894 704 946 λέγ’
731 894 861 936 αὐτοῖς
888 894 950 935 καὶ
973 894 1044 935 τὸν
1068 895 1191 946 νόμον
1216 896 1386 936 τουτονί.
1617 907 1657 930 10

834 1040 990 1070 ΝΟΜΟΣ.

323 1121 512 1169 Ἀκούετ’,
541 1120 570 1162 ὦ
608 1121 746 1174 ἄνδρες
782 1122 979 1167 δικασταί,
1009 1124 1079 1162 τοῦ
1108 1121 1229 1172 νόμου
1260 1120 1452 1175 λέγοντος
1484 1121 1593 1164 ἄντι-

257 1206 357 1241 κρυς,
384 1190 438 1229 ὧν
463 1188 511 1229 ἂν
537 1190 622 1245 ἀφῇ
647 1189 710 1229 καὶ
736 1186 950 1244 ἀπαλλάξῃ
979 1205 1050 1234 τις,
1076 1188 1214 1240 μηκέτι
1241 1190 1312 1231 τὰς
1342 1191 1452 1232 δίκας
1476 1189 1589 1232 εἶναι.

255 1257 319 1296 καὶ
342 1256 420 1307 μὴν
445 1256 506 1296 ὅτι
531 1255 567 1307 γ’
595 1255 786 1308 ἀμφότερ’
814 1255 902 1295 ἐστὶ
926 1255 1185 1308 πεπραγμένα
1203 1260 1326 1296 ταῦτα
1345 1257 1468 1311 τούτῳ
1494 1256 1592 1308 πρὸς

253 1323 368 1374 ἡμᾶς,
413 1322 610 1373 ἠκούσατε
654 1326 732 1363 τῶν
775 1325 1004 1374 μαρτυριῶν.
1107 1322 1294 1363 ἁπάντων
1336 1325 1409 1374 μὲν
1460 1323 1591 1364 τοίνυν
1613 1343 1651 1375 15

254 1393 331 1430 τῶν
361 1391 403 1430 ἐν
434 1393 515 1431 τοῖς
553 1390 687 1441 νόμοις
726 1388 998 1441 ἀπειρημένων
1034 1388 1079 1429 οὐ
1117 1387 1310 1441 προσήκει
1348 1389 1588 1439 δικάζεσθαι,

253 1457 398 1507 ἥκιστα
424 1459 465 1496 δὲ
489 1456 652 1497 τούτων.
725 1457 749 1496 ἃ
773 1458 845 1507 μὲν
870 1457 944 1508 γὰρ
975 1455 1019 1495 τὸ
1048 1456 1239 1507 δημόσιον
1266 1455 1477 1508 πέπρακεν,
1504 1457 1589 1510 ἔχοι

253 1540 311 1565 τις
335 1524 384 1564 ἂν
409 1525 533 1564 εἰπεῖν
558 1523 609 1565 ὡς
634 1523 776 1565 ἀδίκως
803 1522 848 1562 οὐ
877 1521 1130 1574 προσήκοντα
1159 1522 1371 1575 πέπρακεν·
1409 1524 1472 1564 καὶ
1501 1524 1590 1576 περὶ

252 1592 306 1631 ὧν
336 1591 437 1643 ἔγνω
467 1589 511 1630 τὸ
542 1589 807 1642 δικαστήριον,
836 1591 948 1630 ἔστιν
975 1591 1100 1630 εἰπεῖν
1130 1589 1181 1631 ὡς
1211 1589 1457 1641 ἐξαπατηθὲν
1485 1590 1591 1631 τοῦτ’

253 1659 454 1708 ἐποίησεν,
483 1658 544 1698 καὶ
569 1657 657 1709 περὶ
683 1660 759 1697 τῶν
784 1656 923 1697 ἄλλων
947 1660 1025 1697 τῶν
1051 1658 1093 1697 ἐν
1118 1660 1170 1711 τῷ
1191 1657 1295 1712 νόμῳ
1318 1657 1401 1697 καθ’
1423 1657 1591 1698 ἑκάστου
1612 1677 1652 1700 20

252 1724 396 1777 γένοιτ’
434 1724 483 1765 ἄν
520 1741 578 1766 τις
617 1724 777 1766 εἰκότως
818 1725 954 1777 λόγος.
1026 1724 1049 1764 ἃ
1088 1723 1121 1763 δ’
1164 1723 1278 1766 αὐτὸς
1319 1725 1484 1775 ἐπείσθη
1527 1726 1589 1766 καὶ

252 1793 417 1845 ἀφῆκεν,
444 1791 511 1832 οὐκ
537 1791 595 1832 ἔνι
618 1791 814 1843 δήπουθεν
840 1793 965 1833 εἰπεῖν
991 1790 1072 1832 οὐδ’
1097 1791 1214 1832 αὑτὸν
1239 1791 1510 1838 αἰτιάσασθαι,
1538 1792 1589 1834 ὡς

252 1859 296 1899 οὐ
321 1860 478 1901 δικαίως
501 1858 608 1898 ταῦτ’
633 1859 835 1909 ἐποίησεν.
911 1860 947 1899 οἱ
971 1860 1043 1909 μὲν
1067 1858 1134 1898 οὗν
1159 1858 1263 1910 παρά
1287 1876 1325 1899 τι
1349 1863 1428 1899 τῶν
1452 1858 1589 1900 ἄλλων

250 1926 398 1966 τούτων
423 1926 669 1977 δικαζόμενοι
694 1929 776 1968 τοῖς
800 1925 868 1978 ὑφ’
896 1924 1039 1977 ἑτέρων
1073 1925 1234 1966 δικαίοις
1261 1925 1495 1978 ὡρισμένοις
1519 1926 1588 1966 οὐκ

251 1992 499 2044 ἐμμένουσιν,
543 1994 564 2032 ὁ
606 1992 639 2033 δ’
680 1993 735 2033 ὧν
773 1991 821 2033 ἂν
864 1993 948 2049 ἀφῇ
986 1992 1107 2033 πάλιν
1144 1992 1360 2045 λαγχάνων
1397 1996 1480 2035 τοῖς
1517 1992 1587 2046 ὑφ’
1610 2006 1647 2036 ²5

251 2062 401 2101 ἑαυτοῦ.
475 2059 534 2099 διὸ
559 2059 719 2100 πάντων
743 2058 907 2110 μάλιστ’
932 2058 1043 2109 ἄξιον
1067 2060 1220 2101 τούτοις
1244 2061 1517 2113 χαλεπαίνειν.

293 2177 312 2197 2
337 2167 419 2198 εἰσιν
435 2165 509 2204 ἡμῖν
527 2164 569 2204 A,
590 2163 676 2196 οὗτοι
695 2163 822 2193 omisso
955 2172 974 2201 5
999 2161 1091 2195 οὗτος
1110 2163 1189 2195 secl.
1210 2163 1309 2194 Blass
1450 2166 1471 2195 6
1495 2165 1522 2196 δ’
1537 2164 1561 2195 S
1578 2175 1586 2195 t

249 2220 312 2241 om.
333 2209 422 2248 vulg.
516 2209 579 2247 6-7
607 2206 778 2249 παρόντοιν
797 2208 915 2248 ἀμφοῖν
933 2207 1045 2246 ὁμοίως
1065 2206 1162 2237 Blass
1180 2218 1186 2237 ε
1222 2209 1322 2247 παρὸν
1339 2208 1456 2248 ἀμφοῖν
1473 2208 1586 2248 ὁμοίως

251 2253 364 2284 Naber
483 2261 501 2292 7
528 2253 681 2292 ἐγκαλεῖν
700 2249 815 2280 Naber
919 2260 956 2280 12
982 2251 1131 2282 δικασταί
1157 2249 1224 2281 SA
1239 2250 1292 2281 D:
1316 2249 1474 2289 Ἀθηναῖοι
1496 2251 1584 2290 vulg.

248 2296 322 2337 τοῦ]
348 2297 399 2328 καὶ
416 2297 473 2327 τοῦ
498 2295 530 2325 Α
656 2304 694 2332 14
719 2296 821 2325 ταῦτα
837 2304 902 2324 om.
919 2293 949 2323 A
1081 2303 1119 2332 15
1142 2296 1322 2336 μαρτυριῶν
1336 2294 1359 2325 S
1374 2294 1443 2332 (me
1457 2295 1560 2335 teste)
1577 2306 1584 2326 :

248 2339 413 2381 μαρτύρων
426 2339 515 2377 vulg.
583 2347 619 2376 17
645 2337 764 2375 ἥκιστα
775 2337 799 2367 S
810 2336 841 2366 Α
853 2349 859 2367 :
887 2339 948 2377 οὐχ
959 2337 1079 2374 ἥκιστα
1091 2336 1181 2375 vulg.
1266 2347 1303 2376 17
1315 2342 1349 2369 et
1364 2338 1401 2368 18
1423 2337 1586 2378 πέπρακεν

251 2383 329 2413 [bisxv
351 2382 393 2413 S:
420 2382 586 2423 πέπραχεν
604 2380 685 2421 (bis)
700 2381 787 2419 vulg.
870 2382 909 2410 18
933 2382 967 2412 οὐ
986 2380 1010 2410 S
1022 2379 1053 2409 A
1069 2392 1075 2411 ε
1100 2381 1119 2418 ἢ
1137 2382 1171 2411 οὐ
1188 2381 1277 2419 vulg.
1347 2391 1390 2411 20
1414 2386 1490 2420 post
1501 2380 1585 2421 νόμῳ

247 2427 322 2456 8(ῘάΔ
341 2425 493 2464 κειμένων
510 2425 543 2455 Α
623 2435 662 2454 22
689 2425 802 2456 ἑαυτὸν
819 2425 978 2456 αἰτιᾶσθαι
999 2424 1029 2454 Α
1118 2434 1224 2463 23-24
1250 2426 1332 2465 παρὰ
1349 2427 1412 2456 τῶν
1429 2425 1538 2456 ἄλλων
1553 2438 1584 2455 τι

248 2469 371 2500 τούτων
389 2468 485 2498 Blass
605 2477 646 2505 25
671 2469 708 2499 ἂν
726 2477 790 2497 om.
812 2467 835 2498 S
