1685 2772
32 127 163 182 [1015]

125 600 170 634 23

128 1005 173 1037 24

40 1389 177 1445 [1016]

132 1466 173 1501 25

134 2135 180 2170 26

604 130 1125 186 [ΔΗΜΟΣΘΕΝΟΎΣ]
1463 129 1528 185 [XL

199 245 364 297 ἐδέησεν
396 244 677 298 περιγενέσθαι
711 261 750 285 τι
790 248 872 286 τοῖς
913 245 1065 284 ἐκείνου
1103 244 1240 284 παισὶν
1281 246 1349 294 τῆς
1391 244 1528 287 οὐσίας

199 314 505 366 ἀπογραφείσης
537 312 601 353 καὶ
631 311 903 363 δημευθείσης,
939 312 1044 352 ὥστε
1069 311 1157 351 οὐδὲ
1182 310 1226 350 τὸ
1252 312 1418 363 ὄφλημα
1451 315 1528 352 πᾶν

198 382 295 432 ὑπὲρ
315 380 431 420 αὐτοῦ
446 379 702 425 ἐκτέτεισται,
724 378 815 419 ἀλλ’
837 379 894 419 ἔτι
909 378 973 419 καὶ
992 381 1060 419 νῦν
1079 379 1099 417 ὁ
1118 377 1337 430 Πάμφιλος
1352 379 1529 431 ὀφείλων

199 452 252 503 τῷ
278 448 453 502 δημοσίῳ
475 446 755 499 ἐγγέγραπται.
827 450 909 487 πῶς
928 445 995 486 οὖν
1016 446 1101 485 οῖόν
1118 462 1163 486 τε
1180 444 1249 485 τὸν
1271 445 1364 495 ἐμὸν
1380 445 1530 498 πατέρα

200 514 382 568 χρήματα
410 518 555 564 λαβεῖν
585 515 628 554 ἐκ
659 516 728 564 τῆς
763 513 983 565 Παμφίλου
1011 512 1160 558 οὐσίας,
1195 511 1220 564 ἢ
1253 511 1341 553 οὐδὲ
1367 513 1460 553 αὐτὸ
1485 513 1530 553 τὸ

201 584 366 635 ὄφλημα
391 580 500 631 ἱκανὴ
529 580 687 632 ἐγένετο
712 586 760 637 τῇ
785 580 900 620 πόλει
927 581 1121 626 ἐκτεῖσαι;
1161 580 1309 624 ἔπειτα,
1337 577 1365 619 ὦ
1392 579 1530 632 ἄνδρες

201 648 395 694 δικασταί,
438 650 670 698 ἐνθυμεῖσθε
708 649 780 693 ὅτι,
816 648 850 688 εἶ
886 648 937 687 τὰ
976 646 1156 698 μάλιστα
1195 645 1446 698 περιεγένετο
1481 649 1530 688 τὰ

199 714 381 769 χρήματα
396 717 528 760 ταῦτα,
551 715 686 766 ὥσπερ
705 714 816 754 οὗτοί
833 719 974 766 φασιν,
992 713 1059 753 οὐκ
1077 713 1126 753 ἂν
1141 714 1162 753 ὁ
1178 712 1271 764 ἐμὸς
1286 713 1414 765 πατὴρ
1433 714 1531 754 αὐτὰ

200 783 362 833 ἔλαβεν,
391 781 483 822 ἀλλ’
502 783 538 822 οἱ
556 785 624 820 τοῦ
640 782 862 832 Παμφίλου
875 782 984 826 υἱεῖς,
1004 779 1173 820 Βοιωτὸς
1193 780 1254 820 καὶ
1272 779 1446 822 “Ηδύλος
1467 782 1530 821 καὶ

203 850 444 900 Εὐθύδημος,
471 849 507 888 οἳ
532 848 600 887 οὐκ
625 847 672 888 ἂν
688 846 813 898 δήπου
829 847 895 887 ἐπὶ
910 849 984 898 μὲν
998 851 1052 902 τῷ
1068 847 1289 899 τάλλότρια
1306 847 1531 898 λαμβάνειν

202 919 263 957 ὅτι
282 916 329 957 ἂν
354 916 422 956 οὗν
448 917 618 961 ἐποίουν,
646 915 698 957 ὡς
724 914 786 954 καὶ
809 915 919 965 ὑμεῖς
945 913 1116 957 ἅπαντες
1141 916 1243 960 ἴστε,
1270 916 1318 954 τὰ
1343 914 1375 954 δ’
1405 916 1532 955 αὑτῶν

202 987 271 1024 τὸν
287 985 383 1034 ἐμὸν
397 982 549 1035 πατέρα
562 986 759 1034 περιεῖδον
776 981 1056 1033 κομισάμενον.
1131 982 1191 1021 ὅτι
1209 983 1283 1031 μὲν
1297 982 1428 1022 τοίνυν
1447 982 1472 1032 ἥ
1487 999 1532 1034 γε

203 1051 352 1091 τούτων
376 1049 502 1102 μήτηρ
529 1050 596 1090 οὐκ
616 1049 860 1102 ἐπηνέγκατο
877 1053 1034 1101 προῖκα,
1060 1048 1152 1090 ἀλλ’
1173 1040 1280 1089 οὗτοι
1298 1053 1411 1089 τοῦτο
1429 1049 1528 1101 ψεύ-

204 1121 349 1164 δονται,
369 1120 509 1159 ἱκανῶς
524 1119 622 1168 ὑμᾶς
638 1116 908 1168 μεμαθηκέναι
921 1117 1080 1167 νομίζω·
1118 1117 1179 1156 ὅτι
1195 1118 1237 1157 δὲ
1257 1116 1281 1167 ἡ
1307 1115 1379 1167 ἐμὴ
1403 1116 1531 1168 μήτηρ

203 1184 459 1238 ἐπηνέγκατο,
478 1186 620 1238 ῥᾳδίως
641 1185 718 1236 ἐγὼ
739 1183 869 1235 δείξω.
903 1188 1060 1236 πρῶτον
1084 1185 1158 1234 μὲν
1176 1185 1252 1236 γὰρ
1268 1182 1532 1235 Πολυαράτου

204 1252 375 1306 θυγάτηρ
410 1251 469 1302 ἦν,
502 1251 545 1294 ὃς
575 1252 636 1293 καὶ
666 1251 737 1304 ὑφ’
764 1252 871 1302 ὑμῶν
901 1253 1060 1302 ἐτιμᾶτο
1098 1251 1160 1291 ,καὶ
1197 1250 1353 1301 πολλὴν
1390 1251 1532 1291 οὐσίαν

205 1320 400 1370 ἐκέκτητο·
432 1319 569 1360 ἔπειτα
590 1319 883 1371 μεμαρτύρηται
901 1320 995 1369 ὑμῖν
1019 1319 1071 1360 ὡς
1097 1319 1161 1358 καὶ
1183 1317 1207 1369 ἡ
1234 1317 1390 1370 ἀδελφὴ
1415 1318 1533 1369 αὐτῆς

206 1387 403 1437 τοσαύτην
437 1391 577 1438 προῖκα
612 1385 904 1438 ἐπενεγκαμένη
930 1384 1183 1440 Ἐρυξιμάχῳ
1215 1383 1453 1440 συνῴκησεν,
1478 1388 1532 1440 τῷ

206 1455 389 1506 Χαβρίου
415 1454 596 1509 κηδεστῇ.
669 1453 766 1504 πρὸς
781 1455 824 1494 δὲ
839 1452 992 1494 τούτοις
1008 1453 1198 1504 φαίνεταί
1212 1469 1287 1503 μου
1304 1452 1327 1502 ἡ
1344 1450 1469 1504 μήτηρ
1488 1451 1534 1492 τὸ

206 1525 361 1573 πρῶτον
387 1522 596 1561 ἐκδοθεῖσα
618 1519 900 1571 Κλεομέδοντι,
928 1520 972 1559 οὗ
990 1525 1094 1572 φασι
1114 1518 1181 1559 τὸν
1201 1518 1351 1568 πατέρα
1369 1518 1536 1559 Κλέωνα

205 1592 283 1628 τῶν
306 1588 503 1640 ὑμετέρων
528 1588 735 1639 προγόνων
759 1591 1070 1639 στρατηγοῦντα,
1091 1587 1411 1636 Λακεδαιμονίων
1435 1591 1534 1626 πολ-

205 1656 300 1697 λοὺς
322 1658 361 1696 ἐν
382 1656 504 1709 Πύλῳ
525 1655 671 1704 ζῶντας
689 1655 882 1705 λαβόντα,
903 1652 1080 1704 μάλιστα
1097 1653 1256 1694 πάντων
1282 1654 1324 1693 ἐν
1348 1654 1394 1709 τῇ
1420 1653 1536 1693 πόλει

207 1723 476 1773 εὐδοκιμῆσαι·
513 1722 619 1762 ὥστε
644 1722 732 1761 οὔτε
757 1720 825 1761 τὸν
847 1722 998 1761 ἐκείνου
1021 1723 1222 1772 προσῆκεν
1238 1719 1321 1760 υἱὸν
1346 1719 1536 1772 ἄπροικον

206 1790 326 1840 αὐτὴν
364 1791 497 1842 γῆμαι,
538 1789 626 1829 οὔτε
663 1788 888 1838 Μενέξενον
926 1789 987 1827 καὶ
1025 1787 1235 1827 Βάθυλλον
1272 1788 1375 1828 εἰκός
1410 1788 1534 1832 ἐστιν,

206 1856 346 1899 αὐτούς
360 1873 403 1897 τε
419 1856 559 1896 οὐσίαν
574 1854 995 1905 πολλὴνκεκτημέιυυς
1007 1856 1068 1895 καὶ
1087 1853 1384 1904 Κλεομέδοντος
1400 1860 1533 1894 τελευ-

206 1922 400 1973 τήσαντος
416 1922 703 1974 κομισαμένους
718 1922 790 1971 τὴν
808 1926 961 1975 προῖκα,
981 1923 1256 1974 ἀποστερῆσαι
1269 1921 1340 1971 τὴν
1357 1921 1537 1973 ἀδελφὴν

207 1991 277 2040 τὴν
304 1993 462 2036 ἑαυτῶν,
500 1991 606 2030 ἀλλὰ
630 1989 877 2041 προσθέντας
903 1989 1042 2030 αὐτοὺς
1074 1991 1251 2028 ἐκδοῦναι
1280 1992 1333 2042 τῷ
1363 1987 1535 2042 ἡμετέρῳ

209 2059 339 2109 πατρί,
359 2057 532 2109 καθάπερ
559 2057 620 2096 καὶ
646 2056 756 2096 αὐτοὶ
780 2056 876 2108 πρὸς
895 2058 994 2106 ὑμᾶς
1020 2056 1082 2096 καὶ
1102 2058 1138 2096 οἱ
1156 2055 1275 2095 ἄλλοι
1292 2053 1535 2107 μεμαρτυρή·

211 2142 339 2164 κασιν.
411 2124 531 2176 χωρὶς
548 2126 589 2164 δὲ
608 2125 754 2163 τούτων
772 2122 1025 2173 ἐνθυμήθητε,
1045 2125 1107 2162 διὰ
1126 2123 1166 2162 τί
1178 2122 1225 2162 ἄν
1245 2139 1341 2162 ποτε
1358 2123 1377 2160 ὁ
1397 2121 1536 2172 πατήρ,

251 2244 270 2273 3
298 2234 481 2266 ἐκτέτισται
499 2235 588 2273 vulg.
606 2245 611 2264 t
641 2236 840 2265 ἐκτετεισθαι
861 2232 883 2263 S
1032 2233 1053 2262 6
1077 2235 1117 2274 τῇ
1135 2231 1228 2263 πόλει
1247 2236 1323 2270 post
1343 2230 1475 2272 ἐγένετο
1490 2230 1513 2260 S
1531 2240 1538 2260 t

208 2284 283 2317 post
302 2278 431 2317 ὄφλημι
450 2278 539 2315 vulg.
643 2280 786 2308 ἐκτεῖσαι
806 2277 829 2306 S
847 2278 1005 2319 :fitcrfeaa
1023 2276 1113 2314 vulg.
1227 2276 1247 2304 8
1272 2274 1394 2315 ὥσπερ]
1414 2276 1453 2306 ὡς
1472 2273 1537 2311 FQ

208 2320 308 2360 οὗτοι]
328 2322 418 2352 αὐτοί
437 2322 460 2351 S
657 2330 694 2357 13
718 2319 839 2361 μήτηρ]
858 2321 877 2358 ἡ
894 2320 1000 2359 μήτηρ
1018 2320 1041 2349 S
1193 2328 1231 2357 15
1255 2317 1360 2358 δείξω]
1380 2318 1491 2358 διδάξω
1507 2316 1539 2347 Α

211 2374 249 2402 19
271 2378 332 2403 μου
348 2370 426 2394 ante
445 2365 464 2401 ἡ
483 2364 526 2395 S:
554 2369 627 2403 post
644 2364 749 2404 μήτηρ
762 2364 850 2402 vulg.
949 2372 991 2401 25
1016 2364 1146 2400 πολλὴν
1163 2362 1274 2394 οὐσίαν
1291 2360 1359 2398 FQ
1374 2361 1402 2390 D
1496 2361 1538 2391 28

208 2413 282 2447 post
300 2409 395 2439 ἄλλοι
413 2408 488 2439 add.
510 2409 617 2439 οἰκεῖοι
634 2407 665 2437 Α
680 2418 687 2437 2
712 2409 739 2438 οἱ
757 2408 865 2439 οἰκεῖοι
882 2406 972 2447 vulg.
990 2417 996 2436 ε
1022 2417 1086 2436 om.
1109 2406 1132 2436 S

1554 868 1591 889 10

1553 1202 1590 1233 Ῐ5

1556 1537 1595 1558 20
