<?xml version="1.0" encoding="UTF-8"?>
<!DOCTYPE html PUBLIC "-//W3C//DTD XHTML 1.0 Transitional//EN"
    "http://www.w3.org/TR/xhtml1/DTD/xhtml1-transitional.dtd">
<html xmlns="http://www.w3.org/1999/xhtml" xml:lang="en" lang="en">
 <head>
  <title>
</title>
<meta http-equiv="Content-Type" content="text/html;charset=utf-8" />
  <meta name='ocr-system' content='tesseract 3.04.00' />
  <meta name='ocr-capabilities' content='ocr_page ocr_carea ocr_par ocr_line ocrx_word'/>
</head>
<body>
  <div class='ocr_page' id='page_1' title='image "./p2orationesrecog02demouoft_0187.png"; bbox 0 0 1685 2772; ppageno 0'>
   <div class='ocr_carea' id='block_1_1' title="bbox 158 136 1642 193">
    <p class='ocr_par' dir='ltr' id='par_1_1' title="bbox 158 136 1642 193">
     <span class='ocr_line' id='line_1_1' title="bbox 158 136 1642 193; baseline 0.003 -12"><span class='ocrx_word' id='word_1_1' title='bbox 158 139 341 193; x_wconf 74' lang='lat' dir='ltr'>xxxv111]</span> <span class='ocrx_word' id='word_1_2' title='bbox 506 144 667 182; x_wconf 77' lang='grc' dir='ltr'>ΠΡΟΣ</span> <span class='ocrx_word' id='word_1_3' title='bbox 705 144 1126 182; x_wconf 72' lang='grc' dir='ltr'>ΝΑΎΣΙΜΑΧΟΝ</span> <span class='ocrx_word' id='word_1_4' title='bbox 1519 136 1642 191; x_wconf 83' lang='lat'>[992]</span> 
     </span>
    </p>
   </div>
   <div class='ocr_carea' id='block_1_2' title="bbox 100 253 1648 1582">
    <p class='ocr_par' dir='ltr' id='par_1_2' title="bbox 156 253 1488 508">
     <span class='ocr_line' id='line_1_2' title="bbox 156 253 1485 307; baseline 0.001 -12"><span class='ocrx_word' id='word_1_5' title='bbox 156 254 297 306; x_wconf 84' lang='grc' dir='ltr'>βάνειν</span> <span class='ocrx_word' id='word_1_6' title='bbox 317 253 494 297; x_wconf 80' lang='grc' dir='ltr'>ἅπαντας</span> <span class='ocrx_word' id='word_1_7' title='bbox 517 256 627 306; x_wconf 76' lang='grc' dir='ltr'>ὑμᾶς,</span> <span class='ocrx_word' id='word_1_8' title='bbox 646 255 706 294; x_wconf 85' lang='grc' dir='ltr'>ὅτι</span> <span class='ocrx_word' id='word_1_9' title='bbox 730 258 808 295; x_wconf 84' lang='grc' dir='ltr'>τῶν</span> <span class='ocrx_word' id='word_1_10' title='bbox 835 256 1014 307; x_wconf 77' lang='grc' dir='ltr'>αἰσχρῶν</span> <span class='ocrx_word' id='word_1_11' title='bbox 1034 255 1132 300; x_wconf 85' lang='grc' dir='ltr'>ἐστι,</span> <span class='ocrx_word' id='word_1_12' title='bbox 1153 258 1312 307; x_wconf 78' lang='grc' dir='ltr'>μᾶλλον</span> <span class='ocrx_word' id='word_1_13' title='bbox 1336 254 1371 296; x_wconf 70' lang='grc' dir='ltr'>δ’</span> <span class='ocrx_word' id='word_1_14' title='bbox 1397 255 1485 296; x_wconf 78' lang='grc' dir='ltr'>οὐδὲ</span> 
     </span>
     <span class='ocr_line' id='line_1_3' title="bbox 157 321 1487 374; baseline 0.001 -13"><span class='ocrx_word' id='word_1_15' title='bbox 157 322 331 367; x_wconf 89' lang='grc' dir='ltr'>δικαίων,</span> <span class='ocrx_word' id='word_1_16' title='bbox 366 323 414 361; x_wconf 75' lang='grc' dir='ltr'>τὰ</span> <span class='ocrx_word' id='word_1_17' title='bbox 438 324 511 372; x_wconf 81' lang='grc' dir='ltr'>μὲν</span> <span class='ocrx_word' id='word_1_18' title='bbox 536 323 633 362; x_wconf 87' lang='grc' dir='ltr'>ὄντα</span> <span class='ocrx_word' id='word_1_19' title='bbox 670 322 952 364; x_wconf 81' lang='grc' dir='ltr'>κατεσθίοντας</span> <span class='ocrx_word' id='word_1_20' title='bbox 991 321 1053 362; x_wconf 83' lang='grc' dir='ltr'>καὶ</span> <span class='ocrx_word' id='word_1_21' title='bbox 1086 326 1370 374; x_wconf 75' lang='grc' dir='ltr'>παροινοῦντας</span> <span class='ocrx_word' id='word_1_22' title='bbox 1401 322 1487 373; x_wconf 82' lang='grc' dir='ltr'>μετ’</span> 
     </span>
     <span class='ocr_line' id='line_1_4' title="bbox 156 388 1487 442; baseline 0.001 -14"><span class='ocrx_word' id='word_1_23' title='bbox 156 388 486 441; x_wconf 83' lang='grc' dir='ltr'>Ἀριστοκράτους</span> <span class='ocrx_word' id='word_1_24' title='bbox 513 389 576 429; x_wconf 83' lang='grc' dir='ltr'>καὶ</span> <span class='ocrx_word' id='word_1_25' title='bbox 596 388 817 441; x_wconf 83' lang='grc' dir='ltr'>Διογνήτου</span> <span class='ocrx_word' id='word_1_26' title='bbox 845 388 907 428; x_wconf 88' lang='grc' dir='ltr'>καὶ</span> <span class='ocrx_word' id='word_1_27' title='bbox 931 388 1121 429; x_wconf 84' lang='grc' dir='ltr'>τοιούτων</span> <span class='ocrx_word' id='word_1_28' title='bbox 1141 388 1285 441; x_wconf 85' lang='grc' dir='ltr'>ἑτέρων</span> <span class='ocrx_word' id='word_1_29' title='bbox 1311 390 1487 442; x_wconf 83' lang='grc' dir='ltr'>αἰσχρῶς</span> 
     </span>
     <span class='ocr_line' id='line_1_5' title="bbox 157 454 1488 508; baseline 0.001 -13"><span class='ocrx_word' id='word_1_30' title='bbox 157 455 220 495; x_wconf 87' lang='grc' dir='ltr'>καὶ</span> <span class='ocrx_word' id='word_1_31' title='bbox 247 459 372 497; x_wconf 84' lang='grc' dir='ltr'>κακῶς</span> <span class='ocrx_word' id='word_1_32' title='bbox 389 455 646 506; x_wconf 79' lang='grc' dir='ltr'>ἀνηλωκέναι,</span> <span class='ocrx_word' id='word_1_33' title='bbox 668 458 717 496; x_wconf 81' lang='grc' dir='ltr'>τὰ</span> <span class='ocrx_word' id='word_1_34' title='bbox 742 455 776 495; x_wconf 90' lang='grc' dir='ltr'>δ’</span> <span class='ocrx_word' id='word_1_35' title='bbox 801 454 981 508; x_wconf 83' lang='grc' dir='ltr'>ἀλλότρι’</span> <span class='ocrx_word' id='word_1_36' title='bbox 1006 455 1111 496; x_wconf 86' lang='grc' dir='ltr'>ὥστε</span> <span class='ocrx_word' id='word_1_37' title='bbox 1129 460 1288 506; x_wconf 83' lang='grc' dir='ltr'>λαβεῖν,</span> <span class='ocrx_word' id='word_1_38' title='bbox 1307 457 1488 508; x_wconf 85' lang='grc' dir='ltr'>δακρύειν</span> 
     </span>
    </p>

    <p class='ocr_par' dir='ltr' id='par_1_3' title="bbox 119 521 1648 842">
     <span class='ocr_line' id='line_1_6' title="bbox 119 521 1486 574; baseline 0.001 -12"><span class='ocrx_word' id='word_1_39' title='bbox 119 544 135 574; x_wconf 84' lang='lat'>5</span> <span class='ocrx_word' id='word_1_40' title='bbox 157 523 242 563; x_wconf 83' lang='grc' dir='ltr'>νυνὶ</span> <span class='ocrx_word' id='word_1_41' title='bbox 274 523 336 563; x_wconf 82' lang='grc' dir='ltr'>καὶ</span> <span class='ocrx_word' id='word_1_42' title='bbox 363 522 513 563; x_wconf 85' lang='grc' dir='ltr'>κλάειν.</span> <span class='ocrx_word' id='word_1_43' title='bbox 584 522 645 563; x_wconf 84' lang='grc' dir='ltr'>ἐπ’</span> <span class='ocrx_word' id='word_1_44' title='bbox 673 523 836 562; x_wconf 81' lang='grc' dir='ltr'>ἐκείνοις</span> <span class='ocrx_word' id='word_1_45' title='bbox 871 521 1025 562; x_wconf 79' lang='grc' dir='ltr'>ἐκλάετ’</span> <span class='ocrx_word' id='word_1_46' title='bbox 1049 522 1110 568; x_wconf 81' lang='grc' dir='ltr'>ἄν,</span> <span class='ocrx_word' id='word_1_47' title='bbox 1138 523 1196 564; x_wconf 75' lang='grc' dir='ltr'>οἶς</span> <span class='ocrx_word' id='word_1_48' title='bbox 1220 524 1402 569; x_wconf 86' lang='grc' dir='ltr'>ἐποιεῖτε,</span> <span class='ocrx_word' id='word_1_49' title='bbox 1430 526 1486 563; x_wconf 89' lang='grc' dir='ltr'>δι-</span> 
     </span>
     <span class='ocr_line' id='line_1_7' title="bbox 159 585 1648 643; baseline 0.001 -14"><span class='ocrx_word' id='word_1_50' title='bbox 159 590 288 631; x_wconf 85' lang='grc' dir='ltr'>καίως.</span> <span class='ocrx_word' id='word_1_51' title='bbox 340 592 408 630; x_wconf 79' lang='grc' dir='ltr'>νῦν</span> <span class='ocrx_word' id='word_1_52' title='bbox 433 589 464 629; x_wconf 83' lang='grc' dir='ltr'>δ’</span> <span class='ocrx_word' id='word_1_53' title='bbox 485 589 530 629; x_wconf 86' lang='grc' dir='ltr'>οὐ</span> <span class='ocrx_word' id='word_1_54' title='bbox 555 592 617 629; x_wconf 91' lang='grc' dir='ltr'>δεῖ</span> <span class='ocrx_word' id='word_1_55' title='bbox 639 590 831 641; x_wconf 84' lang='grc' dir='ltr'>δακρύειν,</span> <span class='ocrx_word' id='word_1_56' title='bbox 859 588 952 629; x_wconf 85' lang='grc' dir='ltr'>ἀλλ’</span> <span class='ocrx_word' id='word_1_57' title='bbox 975 589 1025 630; x_wconf 80' lang='grc' dir='ltr'>ὡς</span> <span class='ocrx_word' id='word_1_58' title='bbox 1049 589 1117 629; x_wconf 80' lang='grc' dir='ltr'>οὐκ</span> <span class='ocrx_word' id='word_1_59' title='bbox 1137 588 1318 642; x_wconf 85' lang='grc' dir='ltr'>ἀφήκατε</span> <span class='ocrx_word' id='word_1_60' title='bbox 1337 590 1486 630; x_wconf 83' lang='grc' dir='ltr'>δεικνύ-</span> <span class='ocrx_word' id='word_1_61' title='bbox 1523 585 1648 643; x_wconf 82' lang='lat'>[993]</span> 
     </span>
     <span class='ocr_line' id='line_1_8' title="bbox 157 652 1487 711; baseline 0 -15"><span class='ocrx_word' id='word_1_62' title='bbox 157 672 233 702; x_wconf 88' lang='grc' dir='ltr'>ναι,</span> <span class='ocrx_word' id='word_1_63' title='bbox 261 652 283 705; x_wconf 81' lang='grc' dir='ltr'>ἢ</span> <span class='ocrx_word' id='word_1_64' title='bbox 311 655 362 697; x_wconf 86' lang='grc' dir='ltr'>ὡς</span> <span class='ocrx_word' id='word_1_65' title='bbox 395 656 499 696; x_wconf 83' lang='grc' dir='ltr'>εἰσὶν</span> <span class='ocrx_word' id='word_1_66' title='bbox 523 657 579 696; x_wconf 79' lang='grc' dir='ltr'>ὧν</span> <span class='ocrx_word' id='word_1_67' title='bbox 605 655 775 708; x_wconf 85' lang='grc' dir='ltr'>ἀφήκατ’</span> <span class='ocrx_word' id='word_1_68' title='bbox 801 655 912 697; x_wconf 72' lang='grc' dir='ltr'>αὖθις</span> <span class='ocrx_word' id='word_1_69' title='bbox 937 657 1028 706; x_wconf 84' lang='grc' dir='ltr'>ὑμῖν</span> <span class='ocrx_word' id='word_1_70' title='bbox 1053 658 1169 701; x_wconf 88' lang='grc' dir='ltr'>δίκαι,</span> <span class='ocrx_word' id='word_1_71' title='bbox 1196 653 1219 706; x_wconf 80' lang='grc' dir='ltr'>ἢ</span> <span class='ocrx_word' id='word_1_72' title='bbox 1245 655 1297 697; x_wconf 83' lang='grc' dir='ltr'>ὡς</span> <span class='ocrx_word' id='word_1_73' title='bbox 1322 657 1487 711; x_wconf 75' lang='grc' dir='ltr'>εἰκοστῷ</span> 
     </span>
     <span class='ocr_line' id='line_1_9' title="bbox 157 721 1487 776; baseline 0.002 -14"><span class='ocrx_word' id='word_1_74' title='bbox 157 721 378 776; x_wconf 84' lang='grc' dir='ltr'>λαγχάνειν</span> <span class='ocrx_word' id='word_1_75' title='bbox 405 722 483 763; x_wconf 87' lang='grc' dir='ltr'>ἔτει</span> <span class='ocrx_word' id='word_1_76' title='bbox 509 723 658 763; x_wconf 88' lang='grc' dir='ltr'>δίκαιόν</span> <span class='ocrx_word' id='word_1_77' title='bbox 686 723 789 768; x_wconf 81' lang='grc' dir='ltr'>ἐστι,</span> <span class='ocrx_word' id='word_1_78' title='bbox 815 726 885 762; x_wconf 84' lang='grc' dir='ltr'>τοῦ</span> <span class='ocrx_word' id='word_1_79' title='bbox 917 723 1039 774; x_wconf 89' lang='grc' dir='ltr'>νόμου</span> <span class='ocrx_word' id='word_1_80' title='bbox 1067 722 1177 763; x_wconf 85' lang='grc' dir='ltr'>πέντ’</span> <span class='ocrx_word' id='word_1_81' title='bbox 1204 722 1269 773; x_wconf 86' lang='grc' dir='ltr'>ἔτη</span> <span class='ocrx_word' id='word_1_82' title='bbox 1294 722 1366 773; x_wconf 80' lang='grc' dir='ltr'>τὴν</span> <span class='ocrx_word' id='word_1_83' title='bbox 1391 740 1487 775; x_wconf 88' lang='grc' dir='ltr'>προ-</span> 
     </span>
     <span class='ocr_line' id='line_1_10' title="bbox 159 789 1487 842; baseline 0.001 -13"><span class='ocrx_word' id='word_1_84' title='bbox 159 790 326 840; x_wconf 90' lang='grc' dir='ltr'>θεσμίαν</span> <span class='ocrx_word' id='word_1_85' title='bbox 360 790 586 832; x_wconf 87' lang='grc' dir='ltr'>δεδωκότος·</span> <span class='ocrx_word' id='word_1_86' title='bbox 635 792 758 830; x_wconf 83' lang='grc' dir='ltr'>ταῦτα</span> <span class='ocrx_word' id='word_1_87' title='bbox 790 789 867 842; x_wconf 87' lang='grc' dir='ltr'>γάρ</span> <span class='ocrx_word' id='word_1_88' title='bbox 892 791 1005 830; x_wconf 86' lang='grc' dir='ltr'>ἐστιν</span> <span class='ocrx_word' id='word_1_89' title='bbox 1029 790 1127 842; x_wconf 81' lang='grc' dir='ltr'>ὑπὲρ</span> <span class='ocrx_word' id='word_1_90' title='bbox 1160 790 1215 830; x_wconf 79' lang='grc' dir='ltr'>ὧν</span> <span class='ocrx_word' id='word_1_91' title='bbox 1243 790 1350 830; x_wconf 74' lang='grc' dir='ltr'>οὗτοι</span> <span class='ocrx_word' id='word_1_92' title='bbox 1379 790 1487 830; x_wconf 87' lang='grc' dir='ltr'>δικά-</span> 
     </span>
    </p>

    <p class='ocr_par' dir='ltr' id='par_1_4' title="bbox 101 856 1563 1181">
     <span class='ocr_line' id='line_1_11' title="bbox 101 856 1563 908; baseline 0 -13"><span class='ocrx_word' id='word_1_93' title='bbox 101 877 137 899; x_wconf 83' lang='lat'>10</span> <span class='ocrx_word' id='word_1_94' title='bbox 159 857 304 906; x_wconf 77' lang='grc' dir='ltr'>ζουσιν.</span> <span class='ocrx_word' id='word_1_95' title='bbox 377 858 448 897; x_wconf 77' lang='grc' dir='ltr'>ἐὰν</span> <span class='ocrx_word' id='word_1_96' title='bbox 477 858 520 897; x_wconf 80' lang='grc' dir='ltr'>δὲ</span> <span class='ocrx_word' id='word_1_97' title='bbox 542 856 596 908; x_wconf 80' lang='grc' dir='ltr'>μὴ</span> <span class='ocrx_word' id='word_1_98' title='bbox 625 856 818 897; x_wconf 89' lang='grc' dir='ltr'>δύνωνται</span> <span class='ocrx_word' id='word_1_99' title='bbox 846 860 968 896; x_wconf 79' lang='grc' dir='ltr'>ταῦτα</span> <span class='ocrx_word' id='word_1_100' title='bbox 992 858 1201 903; x_wconf 86' lang='grc' dir='ltr'>δεικνύναι,</span> <span class='ocrx_word' id='word_1_101' title='bbox 1229 857 1279 899; x_wconf 84' lang='grc' dir='ltr'>ὡς</span> <span class='ocrx_word' id='word_1_102' title='bbox 1304 857 1348 897; x_wconf 81' lang='grc' dir='ltr'>οὐ</span> <span class='ocrx_word' id='word_1_103' title='bbox 1375 856 1487 908; x_wconf 86' lang='grc' dir='ltr'>δυνή-</span> <span class='ocrx_word' id='word_1_104' title='bbox 1520 863 1563 895; x_wconf 85' lang='lat'>28</span> 
     </span>
     <span class='ocr_line' id='line_1_12' title="bbox 158 921 1488 976; baseline 0.001 -13"><span class='ocrx_word' id='word_1_105' title='bbox 158 940 311 970; x_wconf 90' lang='grc' dir='ltr'>σονται,</span> <span class='ocrx_word' id='word_1_106' title='bbox 337 924 447 974; x_wconf 82' lang='grc' dir='ltr'>ἡμεῖς</span> <span class='ocrx_word' id='word_1_107' title='bbox 466 925 574 975; x_wconf 85' lang='grc' dir='ltr'>ὑμῶν</span> <span class='ocrx_word' id='word_1_108' title='bbox 594 923 791 970; x_wconf 78' lang='grc' dir='ltr'>ἁπάντων,</span> <span class='ocrx_word' id='word_1_109' title='bbox 815 921 844 963; x_wconf 69' lang='grc' dir='ltr'><em>ὦ</em></span> <span class='ocrx_word' id='word_1_110' title='bbox 870 924 1007 976; x_wconf 79' lang='grc' dir='ltr'>ἄνδρες</span> <span class='ocrx_word' id='word_1_111' title='bbox 1030 924 1224 970; x_wconf 90' lang='grc' dir='ltr'>δικασταί,</span> <span class='ocrx_word' id='word_1_112' title='bbox 1252 925 1418 976; x_wconf 89' lang='grc' dir='ltr'>δεόμεθα</span> <span class='ocrx_word' id='word_1_113' title='bbox 1435 923 1488 975; x_wconf 79' lang='grc' dir='ltr'>μὴ</span> 
     </span>
     <span class='ocr_line' id='line_1_13' title="bbox 157 990 1490 1044; baseline 0.002 -14"><span class='ocrx_word' id='word_1_114' title='bbox 157 991 260 1042; x_wconf 80' lang='grc' dir='ltr'>ἡμᾶς</span> <span class='ocrx_word' id='word_1_115' title='bbox 275 990 470 1042; x_wconf 85' lang='grc' dir='ltr'>προέσθαι</span> <span class='ocrx_word' id='word_1_116' title='bbox 488 991 652 1038; x_wconf 85' lang='grc' dir='ltr'>τούτοις,</span> <span class='ocrx_word' id='word_1_117' title='bbox 670 993 768 1042; x_wconf 79' lang='grc' dir='ltr'>μηδὲ</span> <span class='ocrx_word' id='word_1_118' title='bbox 789 991 979 1042; x_wconf 87' lang='grc' dir='ltr'>τετάρτην</span> <span class='ocrx_word' id='word_1_119' title='bbox 998 991 1138 1032; x_wconf 83' lang='grc' dir='ltr'>οὐσίαν</span> <span class='ocrx_word' id='word_1_120' title='bbox 1158 991 1214 1031; x_wconf 83' lang='grc' dir='ltr'>ἔτι</span> <span class='ocrx_word' id='word_1_121' title='bbox 1231 995 1366 1032; x_wconf 82' lang='grc' dir='ltr'>δοῦναι</span> <span class='ocrx_word' id='word_1_122' title='bbox 1384 995 1490 1044; x_wconf 81' lang='grc' dir='ltr'>τρεῖς</span> 
     </span>
     <span class='ocr_line' id='line_1_14' title="bbox 161 1057 1488 1113; baseline 0 -15"><span class='ocrx_word' id='word_1_123' title='bbox 161 1057 296 1110; x_wconf 80' lang='grc' dir='ltr'>ἑτέρας</span> <span class='ocrx_word' id='word_1_124' title='bbox 317 1062 442 1100; x_wconf 84' lang='grc' dir='ltr'>κακῶς</span> <span class='ocrx_word' id='word_1_125' title='bbox 466 1059 717 1113; x_wconf 77' lang='grc' dir='ltr'>διῳκηκόσιν,</span> <span class='ocrx_word' id='word_1_126' title='bbox 744 1057 794 1109; x_wconf 84' lang='grc' dir='ltr'>ἣν</span> <span class='ocrx_word' id='word_1_127' title='bbox 810 1058 900 1110; x_wconf 82' lang='grc' dir='ltr'>παρ’</span> <span class='ocrx_word' id='word_1_128' title='bbox 927 1059 1097 1098; x_wconf 79' lang='grc' dir='ltr'>ἑκόντων</span> <span class='ocrx_word' id='word_1_129' title='bbox 1123 1058 1275 1110; x_wconf 74' lang='grc' dir='ltr'>ἔλαβον</span> <span class='ocrx_word' id='word_1_130' title='bbox 1299 1063 1377 1099; x_wconf 85' lang='grc' dir='ltr'>τῶν</span> <span class='ocrx_word' id='word_1_131' title='bbox 1403 1061 1488 1099; x_wconf 83' lang='grc' dir='ltr'>ἐπι-</span> 
     </span>
     <span class='ocr_line' id='line_1_15' title="bbox 159 1124 1487 1181; baseline 0.001 -16"><span class='ocrx_word' id='word_1_132' title='bbox 159 1125 327 1178; x_wconf 88' lang='grc' dir='ltr'>τρόπων,</span> <span class='ocrx_word' id='word_1_133' title='bbox 354 1124 403 1176; x_wconf 85' lang='grc' dir='ltr'>ἢν</span> <span class='ocrx_word' id='word_1_134' title='bbox 434 1126 531 1178; x_wconf 82' lang='grc' dir='ltr'>ὑπὲρ</span> <span class='ocrx_word' id='word_1_135' title='bbox 555 1130 633 1166; x_wconf 89' lang='grc' dir='ltr'>τῶν</span> <span class='ocrx_word' id='word_1_136' title='bbox 662 1129 779 1166; x_wconf 85' lang='grc' dir='ltr'>δικῶν</span> <span class='ocrx_word' id='word_1_137' title='bbox 811 1125 1111 1177; x_wconf 80' lang='grc' dir='ltr'>εἰσεπράξαντο,</span> <span class='ocrx_word' id='word_1_138' title='bbox 1139 1124 1187 1176; x_wconf 84' lang='grc' dir='ltr'>ἣν</span> <span class='ocrx_word' id='word_1_139' title='bbox 1217 1124 1346 1181; x_wconf 81' lang='grc' dir='ltr'>πρῴην</span> <span class='ocrx_word' id='word_1_140' title='bbox 1371 1126 1487 1178; x_wconf 83' lang='grc' dir='ltr'>ἀφεί-</span> 
     </span>
    </p>

    <p class='ocr_par' dir='ltr' id='par_1_5' title="bbox 101 1192 1488 1448">
     <span class='ocr_line' id='line_1_16' title="bbox 101 1192 1487 1245; baseline -0.001 -12"><span class='ocrx_word' id='word_1_141' title='bbox 101 1213 138 1245; x_wconf 84' lang='lat'>15</span> <span class='ocrx_word' id='word_1_142' title='bbox 161 1192 269 1233; x_wconf 88' lang='grc' dir='ltr'>λοντ’</span> <span class='ocrx_word' id='word_1_143' title='bbox 302 1192 445 1233; x_wconf 81' lang='grc' dir='ltr'>Αἰσίου</span> <span class='ocrx_word' id='word_1_144' title='bbox 474 1195 585 1243; x_wconf 85' lang='grc' dir='ltr'>δίκην</span> <span class='ocrx_word' id='word_1_145' title='bbox 615 1194 788 1239; x_wconf 81' lang='grc' dir='ltr'>ἑλόντες,</span> <span class='ocrx_word' id='word_1_146' title='bbox 816 1193 910 1233; x_wconf 84' lang='grc' dir='ltr'>ἀλλ’</span> <span class='ocrx_word' id='word_1_147' title='bbox 935 1193 1035 1244; x_wconf 74' lang='grc' dir='ltr'>ἡμᾶς</span> <span class='ocrx_word' id='word_1_148' title='bbox 1066 1194 1114 1232; x_wconf 79' lang='grc' dir='ltr'>τὰ</span> <span class='ocrx_word' id='word_1_149' title='bbox 1143 1192 1325 1245; x_wconf 85' lang='grc' dir='ltr'>ἡμέτερα,</span> <span class='ocrx_word' id='word_1_150' title='bbox 1351 1193 1487 1245; x_wconf 85' lang='grc' dir='ltr'>ὥσπερ</span> 
     </span>
     <span class='ocr_line' id='line_1_17' title="bbox 160 1260 1488 1314; baseline 0 -15"><span class='ocrx_word' id='word_1_151' title='bbox 160 1261 271 1300; x_wconf 81' lang='grc' dir='ltr'>ἐστὶν</span> <span class='ocrx_word' id='word_1_152' title='bbox 287 1262 449 1306; x_wconf 87' lang='grc' dir='ltr'>δίκαιον,</span> <span class='ocrx_word' id='word_1_153' title='bbox 469 1262 537 1301; x_wconf 78' lang='grc' dir='ltr'>ἐᾶν</span> <span class='ocrx_word' id='word_1_154' title='bbox 557 1262 679 1314; x_wconf 74' lang='grc' dir='ltr'>ἔχειν·</span> <span class='ocrx_word' id='word_1_155' title='bbox 717 1261 740 1300; x_wconf 72' lang='grc' dir='ltr'><em>ἃ</em></span> <span class='ocrx_word' id='word_1_156' title='bbox 762 1260 822 1300; x_wconf 87' lang='grc' dir='ltr'>καὶ</span> <span class='ocrx_word' id='word_1_157' title='bbox 841 1261 932 1311; x_wconf 84' lang='grc' dir='ltr'>ὑμῖν</span> <span class='ocrx_word' id='word_1_158' title='bbox 957 1261 1069 1300; x_wconf 83' lang='grc' dir='ltr'>ἐστιν</span> <span class='ocrx_word' id='word_1_159' title='bbox 1089 1261 1132 1300; x_wconf 88' lang='grc' dir='ltr'>ἐν</span> <span class='ocrx_word' id='word_1_160' title='bbox 1149 1260 1324 1314; x_wconf 75' lang='grc' dir='ltr'>ὠφελείᾳ</span> <span class='ocrx_word' id='word_1_161' title='bbox 1340 1261 1488 1311; x_wconf 80' lang='grc' dir='ltr'>μείζονι</span> 
     </span>
     <span class='ocr_line' id='line_1_18' title="bbox 160 1325 1488 1380; baseline -0.002 -12"><span class='ocrx_word' id='word_1_162' title='bbox 160 1327 251 1380; x_wconf 87' lang='grc' dir='ltr'>παρ’</span> <span class='ocrx_word' id='word_1_163' title='bbox 280 1328 374 1379; x_wconf 82' lang='grc' dir='ltr'>ἡμῖν</span> <span class='ocrx_word' id='word_1_164' title='bbox 404 1327 484 1368; x_wconf 86' lang='grc' dir='ltr'>ὅντ’</span> <span class='ocrx_word' id='word_1_165' title='bbox 517 1325 540 1378; x_wconf 81' lang='grc' dir='ltr'>ἢ</span> <span class='ocrx_word' id='word_1_166' title='bbox 573 1330 679 1380; x_wconf 77' lang='grc' dir='ltr'>παρὰ</span> <span class='ocrx_word' id='word_1_167' title='bbox 709 1328 873 1374; x_wconf 85' lang='grc' dir='ltr'>τούτοις,</span> <span class='ocrx_word' id='word_1_168' title='bbox 913 1326 975 1367; x_wconf 80' lang='grc' dir='ltr'>καὶ</span> <span class='ocrx_word' id='word_1_169' title='bbox 1014 1327 1255 1380; x_wconf 86' lang='grc' dir='ltr'>δικαιότερον</span> <span class='ocrx_word' id='word_1_170' title='bbox 1288 1326 1411 1377; x_wconf 86' lang='grc' dir='ltr'>δήπου</span> <span class='ocrx_word' id='word_1_171' title='bbox 1440 1329 1488 1366; x_wconf 78' lang='grc' dir='ltr'>τὰ</span> 
     </span>
     <span class='ocr_line' id='line_1_19' title="bbox 156 1392 962 1448; baseline -0.001 -13"><span class='ocrx_word' id='word_1_172' title='bbox 156 1394 326 1448; x_wconf 83' lang='grc' dir='ltr'>ἡμέτερα</span> <span class='ocrx_word' id='word_1_173' title='bbox 350 1395 450 1447; x_wconf 79' lang='grc' dir='ltr'>ἡμᾶς</span> <span class='ocrx_word' id='word_1_174' title='bbox 477 1397 588 1436; x_wconf 86' lang='grc' dir='ltr'>ἐστιν</span> <span class='ocrx_word' id='word_1_175' title='bbox 608 1396 716 1448; x_wconf 78' lang='grc' dir='ltr'>ἔχειν</span> <span class='ocrx_word' id='word_1_176' title='bbox 741 1392 764 1445; x_wconf 76' lang='grc' dir='ltr'>ἦ</span> <span class='ocrx_word' id='word_1_177' title='bbox 790 1395 962 1435; x_wconf 86' lang='grc' dir='ltr'>τούτους.</span> 
     </span>
    </p>

    <p class='ocr_par' dir='ltr' id='par_1_6' title="bbox 226 1461 1487 1514">
     <span class='ocr_line' id='line_1_20' title="bbox 226 1461 1487 1514; baseline -0.002 -11"><span class='ocrx_word' id='word_1_178' title='bbox 226 1463 312 1503; x_wconf 81' lang='grc' dir='ltr'>Οὐκ</span> <span class='ocrx_word' id='word_1_179' title='bbox 338 1463 410 1503; x_wconf 78' lang='grc' dir='ltr'>οἶδ’</span> <span class='ocrx_word' id='word_1_180' title='bbox 442 1464 466 1503; x_wconf 83' lang='grc' dir='ltr'>ὅ</span> <span class='ocrx_word' id='word_1_181' title='bbox 488 1480 525 1503; x_wconf 93' lang='grc' dir='ltr'>τι</span> <span class='ocrx_word' id='word_1_182' title='bbox 558 1466 619 1503; x_wconf 90' lang='grc' dir='ltr'>δεῖ</span> <span class='ocrx_word' id='word_1_183' title='bbox 645 1464 770 1503; x_wconf 86' lang='grc' dir='ltr'>πλείω</span> <span class='ocrx_word' id='word_1_184' title='bbox 801 1462 948 1514; x_wconf 85' lang='grc' dir='ltr'>λέγειν·</span> <span class='ocrx_word' id='word_1_185' title='bbox 1000 1461 1106 1511; x_wconf 74' lang='grc' dir='ltr'>οἶμαι</span> <span class='ocrx_word' id='word_1_186' title='bbox 1135 1463 1209 1513; x_wconf 72' lang='grc' dir='ltr'>γὰρ</span> <span class='ocrx_word' id='word_1_187' title='bbox 1240 1462 1338 1512; x_wconf 77' lang='grc' dir='ltr'>ὑμᾶς</span> <span class='ocrx_word' id='word_1_188' title='bbox 1375 1462 1487 1501; x_wconf 81' lang='grc' dir='ltr'>οὐδὲν</span> 
     </span>
    </p>

    <p class='ocr_par' dir='ltr' id='par_1_7' title="bbox 100 1529 1074 1582">
     <span class='ocr_line' id='line_1_21' title="bbox 100 1529 1074 1582; baseline 0.001 -15"><span class='ocrx_word' id='word_1_189' title='bbox 100 1546 139 1567; x_wconf 83' lang='lat'>20</span> <span class='ocrx_word' id='word_1_190' title='bbox 161 1530 320 1581; x_wconf 82' lang='grc' dir='ltr'>ἀγνοεῖν</span> <span class='ocrx_word' id='word_1_191' title='bbox 345 1534 425 1571; x_wconf 83' lang='grc' dir='ltr'>τῶν</span> <span class='ocrx_word' id='word_1_192' title='bbox 451 1529 679 1582; x_wconf 81' lang='grc' dir='ltr'>εἰρημένων.</span> <span class='ocrx_word' id='word_1_193' title='bbox 753 1529 867 1582; x_wconf 78' lang='grc' dir='ltr'>ἐξέρα</span> <span class='ocrx_word' id='word_1_194' title='bbox 892 1529 936 1568; x_wconf 85' lang='grc' dir='ltr'>τὸ</span> <span class='ocrx_word' id='word_1_195' title='bbox 960 1529 1074 1579; x_wconf 79' lang='grc' dir='ltr'>ὕδωρ.</span> 
     </span>
    </p>
   </div>
   <div class='ocr_carea' id='block_1_3' title="bbox 209 1636 1336 1682">
    <p class='ocr_par' dir='ltr' id='par_1_8' title="bbox 209 1636 1336 1682">
     <span class='ocr_line' id='line_1_22' title="bbox 209 1636 1336 1682; baseline -0.002 -10"><span class='ocrx_word' id='word_1_196' title='bbox 209 1650 222 1670; x_wconf 86' lang='grc' dir='ltr'><strong>Ι</strong></span> <span class='ocrx_word' id='word_1_197' title='bbox 249 1640 336 1672; x_wconf 59' lang='grc' dir='ltr'>οὐδὲἾ</span> <span class='ocrx_word' id='word_1_198' title='bbox 357 1642 391 1672; x_wconf 82' lang='grc' dir='ltr'>οὐ</span> <span class='ocrx_word' id='word_1_199' title='bbox 408 1639 440 1670; x_wconf 90' lang='grc' dir='ltr'><strong>Α</strong></span> <span class='ocrx_word' id='word_1_200' title='bbox 573 1651 593 1679; x_wconf 87' lang='grc'>3</span> <span class='ocrx_word' id='word_1_201' title='bbox 619 1639 749 1682; x_wconf 46' lang='grc' dir='ltr'>ἑτέρωνῖτ</span> <span class='ocrx_word' id='word_1_202' title='bbox 769 1640 938 1679; x_wconf 79' lang='grc' dir='ltr'>ἀνθρώπων</span> <span class='ocrx_word' id='word_1_203' title='bbox 953 1636 1018 1674; x_wconf 84' lang='lat' dir='ltr'>FQ</span> <span class='ocrx_word' id='word_1_204' title='bbox 1037 1636 1093 1675; x_wconf 84' lang='lat' dir='ltr'>qui</span> <span class='ocrx_word' id='word_1_205' title='bbox 1111 1647 1174 1668; x_wconf 91' lang='lat' dir='ltr'>om.</span> <span class='ocrx_word' id='word_1_206' title='bbox 1195 1639 1336 1678; x_wconf 74' lang='grc' dir='ltr'>αἰσχρῶς</span> 
     </span>
    </p>
   </div>
   <div class='ocr_carea' id='block_1_4' title="bbox 163 1654 1490 1809">
    <p class='ocr_par' dir='ltr' id='par_1_9' title="bbox 163 1654 1490 1809">
     <span class='ocr_line' id='line_1_23' title="bbox 1469 1654 1489 1676; baseline 0 0"><span class='ocrx_word' id='word_1_207' title='bbox 1469 1654 1489 1676; x_wconf 70' lang='grc' dir='ltr'><strong>ὃ</strong></span> 
     </span>
     <span class='ocr_line' id='line_1_24' title="bbox 163 1680 1490 1722; baseline -0.005 -6"><span class='ocrx_word' id='word_1_208' title='bbox 163 1687 294 1716; x_wconf 84' lang='grc' dir='ltr'>ἐκλεαιτ</span> <span class='ocrx_word' id='word_1_209' title='bbox 314 1684 337 1715; x_wconf 85' lang='lat' dir='ltr'>S</span> <span class='ocrx_word' id='word_1_210' title='bbox 353 1696 360 1715; x_wconf 71' lang='grc' dir='ltr'>ε</span> <span class='ocrx_word' id='word_1_211' title='bbox 387 1684 525 1715; x_wconf 82' lang='grc' dir='ltr'>ἐκλαίετ’</span> <span class='ocrx_word' id='word_1_212' title='bbox 542 1685 631 1722; x_wconf 87' lang='lat' dir='ltr'>vulg.</span> <span class='ocrx_word' id='word_1_213' title='bbox 739 1685 801 1722; x_wconf 86' lang='lat'>7—8</span> <span class='ocrx_word' id='word_1_214' title='bbox 826 1684 908 1714; x_wconf 86' lang='grc' dir='ltr'>δίκαι</span> <span class='ocrx_word' id='word_1_215' title='bbox 925 1683 944 1720; x_wconf 78' lang='grc' dir='ltr'>ἢ</span> <span class='ocrx_word' id='word_1_216' title='bbox 966 1683 1004 1712; x_wconf 86' lang='grc' dir='ltr'>ὡς</span> <span class='ocrx_word' id='word_1_217' title='bbox 1023 1681 1159 1720; x_wconf 79' lang='grc' dir='ltr'>εἰκοστῷ</span> <span class='ocrx_word' id='word_1_218' title='bbox 1178 1705 1184 1711; x_wconf 93' lang='grc'><strong>.</strong></span> <span class='ocrx_word' id='word_1_219' title='bbox 1205 1705 1211 1711; x_wconf 92' lang='grc'><strong>.</strong></span> <span class='ocrx_word' id='word_1_220' title='bbox 1229 1705 1236 1711; x_wconf 94' lang='grc'>.</span> <span class='ocrx_word' id='word_1_221' title='bbox 1258 1681 1322 1712; x_wconf 85' lang='grc' dir='ltr'>ἔτει</span> <span class='ocrx_word' id='word_1_222' title='bbox 1341 1680 1490 1710; x_wconf 82' lang='lat' dir='ltr'><strong>Reiske:</strong></span> 
     </span>
     <span class='ocr_line' id='line_1_25' title="bbox 163 1723 1490 1765; baseline -0.003 -6"><span class='ocrx_word' id='word_1_223' title='bbox 163 1729 246 1759; x_wconf 83' lang='grc' dir='ltr'>δίκαι</span> <span class='ocrx_word' id='word_1_224' title='bbox 264 1730 283 1765; x_wconf 83' lang='grc' dir='ltr'>ἢ</span> <span class='ocrx_word' id='word_1_225' title='bbox 302 1729 341 1759; x_wconf 80' lang='grc' dir='ltr'>ὡς</span> <span class='ocrx_word' id='word_1_226' title='bbox 360 1728 441 1759; x_wconf 83' lang='grc' dir='ltr'>εἰκὸς</span> <span class='ocrx_word' id='word_1_227' title='bbox 457 1729 496 1759; x_wconf 81' lang='grc' dir='ltr'>τὸ</span> <span class='ocrx_word' id='word_1_228' title='bbox 514 1752 520 1758; x_wconf 93' lang='grc'><strong>.</strong></span> <span class='ocrx_word' id='word_1_229' title='bbox 543 1751 548 1757; x_wconf 93' lang='grc'><em>.</em></span> <span class='ocrx_word' id='word_1_230' title='bbox 570 1751 577 1758; x_wconf 89' lang='grc'><strong>.</strong></span> <span class='ocrx_word' id='word_1_231' title='bbox 599 1728 645 1759; x_wconf 84' lang='grc' dir='ltr'>ἔτ’</span> <span class='ocrx_word' id='word_1_232' title='bbox 664 1727 731 1758; x_wconf 86' lang='grc' dir='ltr'>εἷΑ</span> <span class='ocrx_word' id='word_1_233' title='bbox 749 1738 755 1757; x_wconf 74' lang='lat' dir='ltr'>t</span> <span class='ocrx_word' id='word_1_234' title='bbox 781 1727 863 1758; x_wconf 84' lang='grc' dir='ltr'>δίκαι</span> <span class='ocrx_word' id='word_1_235' title='bbox 879 1728 899 1764; x_wconf 79' lang='grc' dir='ltr'>ἢ</span> <span class='ocrx_word' id='word_1_236' title='bbox 919 1728 957 1757; x_wconf 81' lang='grc' dir='ltr'>ὡς</span> <span class='ocrx_word' id='word_1_237' title='bbox 970 1724 1008 1756; x_wconf 73' lang='grc' dir='ltr'>τὸ</span> <span class='ocrx_word' id='word_1_238' title='bbox 1025 1747 1032 1754; x_wconf 87' lang='lat'><strong>·</strong></span> <span class='ocrx_word' id='word_1_239' title='bbox 1052 1746 1059 1753; x_wconf 90' lang='lat'><em>-</em></span> <span class='ocrx_word' id='word_1_240' title='bbox 1081 1747 1088 1754; x_wconf 85' lang='lat'>-</span> <span class='ocrx_word' id='word_1_241' title='bbox 1105 1723 1153 1754; x_wconf 79' lang='grc' dir='ltr'>ἔτι</span> <span class='ocrx_word' id='word_1_242' title='bbox 1171 1723 1195 1753; x_wconf 84' lang='lat' dir='ltr'>S</span> <span class='ocrx_word' id='word_1_243' title='bbox 1211 1735 1218 1754; x_wconf 70' lang='grc' dir='ltr'>ε</span> <span class='ocrx_word' id='word_1_244' title='bbox 1243 1725 1367 1755; x_wconf 82' lang='grc' dir='ltr'>δικαίως</span> <span class='ocrx_word' id='word_1_245' title='bbox 1383 1725 1421 1755; x_wconf 75' lang='grc' dir='ltr'>τὸ</span> <span class='ocrx_word' id='word_1_246' title='bbox 1435 1749 1441 1755; x_wconf 92' lang='grc'><em>.</em></span> <span class='ocrx_word' id='word_1_247' title='bbox 1457 1746 1465 1754; x_wconf 84' lang='grc'><strong>.</strong></span> <span class='ocrx_word' id='word_1_248' title='bbox 1480 1747 1490 1754; x_wconf 88' lang='grc'><strong>.</strong></span> 
     </span>
     <span class='ocr_line' id='line_1_26' title="bbox 163 1766 1488 1809; baseline -0.005 -6"><span class='ocrx_word' id='word_1_249' title='bbox 163 1771 211 1803; x_wconf 84' lang='grc' dir='ltr'>ἔτι</span> <span class='ocrx_word' id='word_1_250' title='bbox 232 1771 298 1809; x_wconf 82' lang='lat' dir='ltr'>FQ</span> <span class='ocrx_word' id='word_1_251' title='bbox 417 1781 456 1801; x_wconf 92' lang='lat'>10</span> <span class='ocrx_word' id='word_1_252' title='bbox 480 1771 636 1802; x_wconf 81' lang='grc' dir='ltr'>δεικνύναι</span> <span class='ocrx_word' id='word_1_253' title='bbox 655 1770 693 1801; x_wconf 84' lang='lat' dir='ltr'>cf.</span> <span class='ocrx_word' id='word_1_254' title='bbox 715 1770 794 1809; x_wconf 81' lang='lat' dir='ltr'>Lys.</span> <span class='ocrx_word' id='word_1_255' title='bbox 816 1770 873 1799; x_wconf 86' lang='lat' dir='ltr'>xiii</span> <span class='ocrx_word' id='word_1_256' title='bbox 893 1769 952 1808; x_wconf 75' lang='lat'>49]</span> <span class='ocrx_word' id='word_1_257' title='bbox 971 1777 1035 1797; x_wconf 91' lang='lat' dir='ltr'>om.</span> <span class='ocrx_word' id='word_1_258' title='bbox 1054 1766 1083 1795; x_wconf 85' lang='lat' dir='ltr'><strong>A</strong></span> <span class='ocrx_word' id='word_1_259' title='bbox 1217 1769 1255 1797; x_wconf 85' lang='lat'>16</span> <span class='ocrx_word' id='word_1_260' title='bbox 1280 1770 1313 1798; x_wconf 89' lang='grc' dir='ltr'>ἐν</span> <span class='ocrx_word' id='word_1_261' title='bbox 1330 1767 1354 1798; x_wconf 90' lang='lat' dir='ltr'>S</span> <span class='ocrx_word' id='word_1_262' title='bbox 1367 1766 1431 1805; x_wconf 84' lang='lat' dir='ltr'>FQ</span> <span class='ocrx_word' id='word_1_263' title='bbox 1447 1766 1488 1805; x_wconf 89' lang='lat' dir='ltr'>D,</span> 
     </span>
    </p>
   </div>
   <div class='ocr_carea' id='block_1_5' title="bbox 161 1809 1491 2020">
    <p class='ocr_par' dir='ltr' id='par_1_10' title="bbox 161 1809 1491 2020">
     <span class='ocr_line' id='line_1_27' title="bbox 161 1809 1491 1853; baseline -0.002 -9"><span class='ocrx_word' id='word_1_264' title='bbox 161 1814 202 1845; x_wconf 86' lang='lat' dir='ltr'>cf.</span> <span class='ocrx_word' id='word_1_265' title='bbox 221 1814 309 1845; x_wconf 81' lang='lat' dir='ltr'><strong>Xen.</strong></span> <span class='ocrx_word' id='word_1_266' title='bbox 325 1814 407 1853; x_wconf 89' lang='lat' dir='ltr'>Cyr.</span> <span class='ocrx_word' id='word_1_267' title='bbox 425 1814 481 1843; x_wconf 82' lang='lat' dir='ltr'>viii</span> <span class='ocrx_word' id='word_1_268' title='bbox 498 1824 528 1852; x_wconf 89' lang='lat'>5.</span> <span class='ocrx_word' id='word_1_269' title='bbox 551 1824 588 1852; x_wconf 89' lang='lat'>15</span> <span class='ocrx_word' id='word_1_270' title='bbox 604 1825 610 1845; x_wconf 73' lang='grc' dir='ltr'>ε</span> <span class='ocrx_word' id='word_1_271' title='bbox 638 1814 687 1844; x_wconf 83' lang='grc' dir='ltr'>ἐπὶ</span> <span class='ocrx_word' id='word_1_272' title='bbox 705 1813 735 1842; x_wconf 87' lang='grc' dir='ltr'>Α</span> <span class='ocrx_word' id='word_1_273' title='bbox 837 1823 873 1851; x_wconf 89' lang='lat'>17</span> <span class='ocrx_word' id='word_1_274' title='bbox 899 1814 948 1844; x_wconf 82' lang='grc' dir='ltr'>καὶ</span> <span class='ocrx_word' id='word_1_275' title='bbox 967 1809 1180 1851; x_wconf 74' lang='grc' dir='ltr'>δικαιότερον]</span> <span class='ocrx_word' id='word_1_276' title='bbox 1200 1810 1395 1852; x_wconf 83' lang='grc' dir='ltr'>δικαιότερον</span> <span class='ocrx_word' id='word_1_277' title='bbox 1413 1809 1491 1842; x_wconf 83' lang='grc' dir='ltr'>δὲΑ</span> 
     </span>
     <span class='ocr_line' id='line_1_28' title="bbox 206 1857 531 1897; baseline -0.006 -8"><span class='ocrx_word' id='word_1_278' title='bbox 206 1857 245 1889; x_wconf 89' lang='lat' dir='ltr'>In</span> <span class='ocrx_word' id='word_1_279' title='bbox 265 1859 288 1889; x_wconf 83' lang='lat' dir='ltr'>S</span> <span class='ocrx_word' id='word_1_280' title='bbox 305 1858 531 1897; x_wconf 81' lang='lat' dir='ltr'>subscriptum</span> 
     </span>
     <span class='ocr_line' id='line_1_29' title="bbox 591 1901 1062 1931; baseline -0.011 0"><span class='ocrx_word' id='word_1_281' title='bbox 591 1905 824 1931; x_wconf 69' lang='lat' dir='ltr'><strong>HAPAI&#39;PAch</strong></span> <span class='ocrx_word' id='word_1_282' title='bbox 851 1903 956 1931; x_wconf 85' lang='grc' dir='ltr'>ΠΡΟΣ</span> <span class='ocrx_word' id='word_1_283' title='bbox 981 1901 1062 1929; x_wconf 81' lang='lat' dir='ltr'>NAT</span> 
     </span>
     <span class='ocr_line' id='line_1_30' title="bbox 553 1943 1099 1987; baseline -0.013 -10"><span class='ocrx_word' id='word_1_284' title='bbox 553 1948 743 1978; x_wconf 86' lang='grc' dir='ltr'>ΣῙΜΑΧΟΝ</span> <span class='ocrx_word' id='word_1_285' title='bbox 768 1947 836 1974; x_wconf 88' lang='grc' dir='ltr'>ΚΑΙ</span> <span class='ocrx_word' id='word_1_286' title='bbox 863 1943 1099 1987; x_wconf 55' lang='lat' dir='ltr'>EENOHEIOH</span> 
     </span>
     <span class='ocr_line' id='line_1_31' title="bbox 721 1985 935 2020; baseline 0.005 -1"><span class='ocrx_word' id='word_1_287' title='bbox 721 1985 935 2020; x_wconf 59' lang='lat' dir='ltr'>fififflssa</span> 
     </span>
    </p>
   </div>
  </div>
 </body>
</html>
