1685 2772
89 145 210 201 xmffl
512 150 675 187 ΠΡΟΣ
723 149 976 187 ΑΦΟΒΟΝ

155 260 256 311 Περὶ
280 261 352 312 μὲν
378 259 448 299 οὖν
474 260 543 309 τῆς
572 259 872 311 αἰσχροκερδίας
900 260 969 307 τῆς
998 258 1138 298 τούτου
1170 259 1230 299 καὶ
1259 260 1416 310 μιαρίας

86 327 255 378 ὕστερόν
289 343 357 377 μοι
388 328 496 366 δοκεῖ
522 324 740 375 διεξελθεῖν
769 324 864 376 πρὸς
894 325 1005 375 ὑμᾶς·
1046 326 1108 365 καὶ
1137 328 1205 365 νῦν
1231 325 1263 365 δ’
1296 325 1347 367 ὡς
1375 326 1417 366 ἐν

89 394 324 446 κεφαλαίοις
366 392 571 442 ἀκηκόατε·
631 391 719 443 περὶ
761 394 803 432 δὲ
841 395 920 431 τῶν
957 391 1324 443 μεμαρτυρημένων,
1367 392 1418 434 ὡς

88 460 200 500 ἔστιν
225 460 366 509 ἀληθῆ,
385 459 474 510 περὶ
498 459 627 510 ὧνπερ
652 460 784 499 οἴσετε
808 458 880 508 τὴν
903 460 1059 510 ψῆφον,
1079 458 1150 508 ἤδη
1178 458 1417 510 πειράσομαι

49 538 67 569 5
89 525 290 567 διδάσκειν
305 527 415 576 ὑμᾶς.
487 524 624 575 δέομαι
642 525 676 565 δ’
700 526 819 575 ὑμῶν,
839 522 868 564 ὦ
888 525 1025 576 ἄνδρες
1050 526 1245 571 δικασταί,
1264 527 1416 566 δικαίαν

89 593 239 644 δέησιν,
276 592 322 643 ἐξ
347 594 438 633 ἴσου
467 591 577 642 ἡμῶν
610 591 847 644 ἀμφοτέρων
877 592 1056 632 ἀκοῦσαι.
1125 595 1238 632 τοῦτο
1267 591 1300 632 δ’
1330 592 1417 632 ἐστὶ

89 660 152 700 καὶ
166 661 264 712 ὑπὲρ
278 660 385 710 ὑμῶν
404 659 558 710 ὁμοίως·
611 659 694 712 ὅσῳ
710 660 784 711 γὰρ
804 658 850 698 ἂν
871 658 1157 711 ἀκριβέστερον
1177 660 1224 699 τὰ
1240 676 1415 711 πεπραγ-

87 725 187 778 μένα
210 725 370 777 μάθητε,
398 725 574 780 τοσούτῳ
601 725 845 777 δικαιοτέραν
870 725 932 766 καὶ
958 725 1214 778 εὐορκοτέραν
1240 726 1416 777 θήσεσθε

87 793 159 844 τὴν
205 795 351 846 ψῆφον
389 793 476 844 περὶ
514 792 652 833 αὐτῶν.
724 791 903 843 ἐπιδείξω
952 795 994 833 δὲ
1034 797 1171 833 τοῦτον
1213 793 1258 833 οὐ
1294 794 1416 845 μόνον

32 878 72 900 10
90 859 359 912 ὡμολογηκότ’
385 859 484 900 εἶναι
507 859 575 900 τὸν
593 860 753 900 Μιλύαν
779 860 1000 912 ἐλεύθερον,
1023 861 1128 900 ἀλλὰ
1155 861 1216 901 καὶ
1242 859 1416 913 φανερὸν

89 926 193 968 τοῦτ’
220 927 320 981 ἔργῳ
341 927 595 977 πεποιηκότα,
625 928 685 967 καὶ
711 926 807 978 πρὸς
832 927 984 969 τούτοις
1014 923 1140 978 (τοὺς)
1165 929 1207 967 ἐκ
1231 927 1416 977 βασάνου

91 995 179 1047 περὶ
204 993 332 1034 αὐτῶν
357 995 586 1046 πεφευγότα
601 997 739 1034 τοῦτον
763 994 852 1036 τοὺς
871 993 1184 1045 ἀκριβεστάτους
1209 993 1414 1047 ἐλέγχους,

92 1061 155 1101 καὶ
179 1060 248 1101 οὐκ
273 1060 507 1111 ἐθελήσαντ’
534 1062 574 1100 ἐκ
599 1062 748 1101 τούτων
773 1060 964 1111 ἐπιδεῖξαι
989 1060 1059 1110 τὴν
1085 1060 1285 1111 ἀλήθειαν,
1312 1062 1418 1101 ἀλλὰ

92 1131 389 1180 πανουργοῦντα
423 1128 484 1168 καὶ
516 1127 713 1179 μάρτυρας
741 1131 903 1180 ψευδεῖς
936 1128 1209 1181 παρεχόμενον
1243 1127 1304 1167 καὶ
1332 1130 1414 1167 δια-

35 1211 72 1243 15
94 1194 317 1235 κλέπτοντα
346 1198 428 1236 τοῖς
460 1197 598 1235 ἑαυτοῦ
626 1195 764 1246 λόγοις
797 1194 868 1244 τὴν
905 1193 1094 1244 ἀλήθειαν
1126 1198 1204 1235 τῶν
1241 1211 1416 1247 πεπραγ-

93 1261 236 1312 μένων,
278 1262 377 1301 οὕτω
415 1260 604 1313 μεγάλοις
642 1261 705 1301 καὶ
744 1265 932 1313 φανεροῖς
974 1261 1158 1314 ἐλέγχοις
1191 1260 1287 1301 ὥσθ’
1320 1261 1420 1312 ὑμᾶς

94 1327 244 1370 πάντας
284 1330 464 1368 εἴσεσθαι
503 1332 657 1380 σαφῶς,
708 1330 768 1368 ὅτι
806 1328 917 1379 ἡμεῖς
954 1330 1028 1379 μὲν
1066 1329 1192 1379 ἀληθῆ
1234 1328 1418 1380 λέγομεν,

93 1395 207 1436 οὗτος
237 1394 270 1434 δ’
300 1395 412 1435 οὐδὲν
448 1397 554 1447 ὑγιὲς
592 1396 757 1446 εἴρηκεν.
842 1394 1009 1446 ἄρξομαι
1044 1394 1077 1434 δ’
1115 1397 1294 1435 ἐντεῦθεν
1329 1396 1421 1435 ὅθεν

97 1462 160 1502 καὶ
179 1463 288 1512 ὑμεῖς
312 1461 425 1516 ῥᾷστ’
450 1461 499 1502 ἂν
523 1460 686 1512 μάθοιτε
713 1462 818 1513 κάγὼ
844 1461 1000 1514 τάχιστ’
1026 1461 1073 1502 ἂν
1099 1460 1308 1512 διδάξαιμι.

37 1543 77 1565 20
163 1527 270 1580 Ἐγὼ
294 1528 382 1580 γάρ,
411 1527 440 1568 ὦ
465 1529 600 1580 ἄνδρες
626 1530 821 1574 δικασταί,
844 1532 1089 1580 Δημοφῶντι
1114 1529 1175 1568 καὶ
1192 1528 1422 1583 Θηριππίδῃ

98 1595 161 1635 καὶ
185 1595 308 1649 τούτῳ
339 1596 447 1637 δίκας
485 1596 633 1649 ἔλαχον
671 1597 885 1647 ἐπιτροπῆς
922 1595 1206 1647 ἀποστερηθεὶς
1239 1594 1423 1635 ἁπάντων

97 1665 175 1702 τῶν
223 1663 361 1702 ὄντων.
431 1662 646 1714 γενομένης
695 1662 738 1702 δέ
783 1680 850 1713 μοι
896 1664 963 1712 τῆς
1003 1663 1109 1712 δίκης
1151 1665 1246 1713 πρὸς
1285 1665 1424 1702 τοῦτον

98 1732 267 1780 πρῶτον,
295 1728 475 1779 ἐπέδειξα
501 1733 642 1781 σαφῶς
678 1733 760 1770 τοῖς
789 1728 1027 1778 δικάζουσιν,
1055 1729 1189 1781 ὥσπερ
1218 1729 1308 1779 ὑμῖν
1338 1730 1422 1768 ἐπι-

99 1793 227 1843 δείξω,
265 1795 379 1836 πάνθ’
412 1795 476 1835 ὅσ’
518 1796 609 1847 ἡμῖν
648 1797 887 1848 κατελείφθη
924 1794 1092 1848 χρήματ’
1129 1795 1425 1847 ἀπεστερηκότα

41 1874 79 1906 25
100 1866 240 1902 τοῦτον
263 1862 347 1912 μετ’
373 1864 544 1909 ἐκείνων,
575 1863 618 1903 οὐ
646 1862 1232 1915 καταψευδομαρτυρησάμενος.
1283 1860 1423 1912 τεκμή-

101 1945 186 1980 ριον
203 1930 244 1968 δὲ
267 1928 470 1981 μέγιστον·
507 1934 727 1982 μαρτυριῶν
752 1931 825 1983 γὰρ
853 1926 1015 1978 πλέονῆ
1042 1929 1143 1969 πάνυ
1163 1932 1325 1969 πολλῶν
1350 1930 1427 1967 τῶν

103 1996 270 2035 ἁπασῶν
305 1996 642 2048 ἀναγνωσθεισῶν
672 1998 736 2037 ἐπὶ
772 2002 819 2053 τῇ
850 1998 948 2052 δίκῃ,
985 1996 1048 2035 καὶ
1072 1997 1220 2035 τούτων
1250 1999 1326 2035 τῶν
1354 1995 1426 2045 μὲν

103 2061 154 2102 ὡς
179 2061 324 2102 ἔδοσάν
349 2079 387 2102 τι
410 2064 530 2118 τούτῳ
556 2068 634 2104 τῶν
665 2065 1188 2120 ἐμῶνικαταμαρτυρουσῶν,
1216 2066 1292 2102 τῶν
1318 2060 1351 2101 δ’
1376 2060 1428 2101 ὡς

103 2130 288 2179 παρῆσαν
331 2130 584 2184 κομιζομένῳ,
625 2134 702 2170 τῶν
741 2130 772 2170 δ’
818 2130 869 2172 ὡς
908 2129 1114 2182 πριάμενοι
1151 2130 1256 2181 παρὰ
1291 2127 1429 2168 τούτου

44 2209 86 2241 30
104 2194 227 2249 τούτῳ
258 2197 327 2237 τὰς
359 2199 470 2246 τιμὰς
502 2197 701 2243 διέλυσαν,
729 2196 808 2236 οὐδ’
840 2195 866 2252 ᾗ
889 2213 965 2236 τινι
990 2196 1138 2236 τούτων
1177 2199 1254 2235 τῶν
1282 2197 1427 2247 ψευδο-

148 2313 170 2343 9
193 2304 262 2343 περὶ
282 2305 386 2336 αὐτῶν
402 2305 464 2343 τὴν
479 2307 586 2346 ψῆφον
604 2302 673 2334 FD
806 2313 842 2334 11
869 2302 986 2346 (τοὺς)
1004 2303 1117 2334 addidi
1268 2313 1305 2342 13
1329 2301 1431 2342 ἀλλὰ]

106 2347 181 2378 ἀλλ’
198 2347 244 2378 ἀεὶ
260 2346 293 2376 Α
424 2358 467 2378 20
491 2348 618 2387 Δήμωνι
635 2349 686 2379 καὶ
704 2350 897 2388 Δημοφῶντι
915 2347 941 2377 F
952 2347 982 2377 D
1123 2357 1165 2385 24
1190 2345 1434 2387 ἀπεστερηκότα

107 2399 173 2437 qm.
196 2389 234 2420 5ι
393 2401 432 2430 27
460 2393 509 2423 ἐπὶ
528 2415 535 2422 .
556 2416 563 2422 .
582 2415 589 2422 .
608 2390 733 2422 τούτων
748 2400 814 2422 om.
834 2391 874 2429 D,
895 2390 928 2420 in
948 2404 1001 2431 γρ.
1019 2391 1094 2421 hab.
1115 2390 1140 2420 F
1302 2399 1344 2428 30
1369 2388 1433 2420 οὐδ’

106 2436 126 2474 ᾗ
143 2447 206 2465 τινι
223 2433 347 2468 τούτων
364 2434 444 2477 τῶν]
462 2434 586 2467 τούτων
602 2444 667 2465 orn.
688 2433 719 2463 Α
735 2445 742 2464 :
765 2433 828 2465 οὐδ’
845 2436 987 2475 ᾑτινιοῦν
1003 2437 1068 2466 τῶν
1085 2433 1220 2464 Dobree

183 2500 266 2520 nme
1330 2489 1349 2517 3

1445 152 1558 207 [845]

1431 581 1572 646 ⁴[846]
