1685 2772
111 81 237 137 [939]

105 874 231 929 [940]

182 1897 228 1931 49

682 90 1203 145 [ΔΗΜΟΣΘΕΝΟΎΣ]
1471 91 1602 147 [xxxv

268 205 418 245 δίκαιον
442 207 551 245 δοκεῖ
574 204 686 251 εἶναι,
714 205 800 256 ἐμοὶ
829 207 870 246 δὲ
895 207 960 245 διὰ
992 206 1032 246 τί
1064 206 1133 245 οὐκ
1167 206 1301 253 ἔσται,·
1349 206 1420 259 οὐχ
1453 206 1602 248 ἅπασιν

266 272 359 323 ἡμῖν
385 274 421 312 οἱ
447 272 557 312 αὐτοὶ
582 273 696 323 νόμοι
722 272 990 325 γεγραμμένοι
1015 273 1119 313 εἰσὶν
1153 273 1215 312 καὶ
1247 275 1292 312 τὸ
1325 273 1418 313 αὐτὸ
1451 276 1602 315 δίκαιον

267 339 355 390 περὶ
381 342 459 379 τῶν
493 340 716 391 ἐμπορικῶν
744 340 880 387 δικῶν;
934 339 1026 380 ἀλλ’
1051 340 1173 382 οὕτως
1203 341 1401 392 βδελυρός
1429 341 1488 383 τίς
1514 343 1601 382 ἐστι

267 406 328 445 καὶ
352 405 620 457 ὑπερβάλλων
639 405 814 449 ἅπαντας
839 407 1068 459 ἀνθρώπους
1093 410 1146 462 τῷ
1170 407 1340 459 πονηρὸς
1366 407 1477 454 εἶναι,
1505 408 1601 448 ὥστ’

266 474 461 526 ἐπιχειρεῖ
478 473 627 513 πείθειν
645 475 744 525 ὑμᾶς
763 475 1029 526 ψηφίσασθαι
1047 473 1099 525 μὴ
1121 474 1391 526 εἰσαγώγιμον
1410 475 1510 515 εἶναι
1528 475 1601 525 τὴν

266 539 481 592 ἐμπορικὴν
506 540 616 590 δίκην
635 541 793 591 ταύτην,
816 542 1052 591 δικαζόντων
1070 542 1178 591 ὑμῶν
1197 541 1282 582 νυνὶ
1300 543 1370 583 τὰς
1388 543 1600 595 ἐμπορικὰς

265 608 384 648 δίκας.
457 608 563 647 ἀλλὰ
588 609 628 648 τί
652 608 837 655 κελεύεις,
860 606 889 648 ὦ
915 608 1109 660 Λάκριτε,·
1152 607 1204 659 μὴ
1227 608 1361 648 ἱκανὸν
1380 608 1480 649 εἶναι
1497 609 1599 660 ἡμᾶς

264 675 575 726 ἀποστερεῖσθαι
601 675 624 714 ἃ
652 675 910 726 ἐδανείσαμεν
934 674 1118 729 χρήματα
1135 676 1239 726 ὑμῖν,
1262 676 1368 715 ἀλλὰ
1393 676 1456 716 καὶ
1482 678 1536 718 εἰς
1553 676 1598 717 τὸ

265 740 532 794 δεσμωτήριον
558 744 828 794 παραδοθῆναι
853 742 921 795 ὑφ’
952 743 1060 793 ὑμῶν
1095 743 1404 795 προσοφλόντας
1434 745 1483 783 τὰ
1511 745 1596 784 ἐπι-

263 810 383 860 τίμια,
426 810 495 849 ἐὰν
536 808 588 860 μὴ
627 811 852 860 ἐκτίνωμεν.
942 811 1004 850 καὶ
1042 813 1124 851 πῶς
1167 809 1233 850 οὐκ
1277 809 1324 850 ἂν
1367 810 1496 851 δεινὸν
1537 812 1597 862 εἵη

264 876 326 916 καὶ
360 876 551 929 σχέτλιον
586 878 648 917 καὶ
692 876 862 930 αἰσχρὸν
894 877 998 927 ὑμῖν,
1035 875 1064 917 ῶ
1101 876 1238 928 ἄνδρες
1271 878 1466 924 δικασταί,
1494 879 1528 918 εἰ
1561 879 1597 918 οἳ

262 945 517 985 δανείσαντες
544 945 585 983 ἐν
610 944 662 999 τῷ
687 944 857 998 ἐμπορίῳ
883 945 935 999 τῷ
961 943 1132 998 ὑμετέρῳ
1153 943 1335 997 χρήματα
1354 946 1510 984 ναυτικὰ
1534 945 1596 985 καὶ

262 1011 598 1063 ἀποστερούμενοι
627 1010 705 1051 ὑπὸ
735 1014 812 1050 τῶν
841 1011 1138 1061 δανεισαμένων
1172 1011 1234 1051 καὶ
1267 1012 1596 1064 ἀποστερούντων

263 1076 479 1129 ἀπάγοιντο
517 1079 571 1119 εἷς
606 1077 650 1117 τὸ
690 1076 980 1129 δεσμωτήριον;
1032 1078 1138 1117 ταῦτ’
1172 1079 1297 1125 ἐστίν,
1341 1076 1370 1118 ὦ
1411 1078 1592 1131 Λάκριτε,

262 1145 287 1184 ἃ
311 1145 494 1185 τουτουσὶ
518 1145 678 1186 πείθεις.
752 1146 859 1184 ἀλλὰ
884 1148 959 1185 ποῦ
983 1144 1056 1197 χρὴ
1084 1148 1229 1196 λαβεῖν
1254 1146 1376 1195 δίκην,
1403 1144 1432 1185 ὦ
1458 1145 1595 1198 ἄνδρες

263 1213 457 1258 δικασταί,
484 1212 572 1263 περὶ
597 1215 674 1251 τῶν
701 1213 925 1263 ἐμπορικῶν
946 1212 1226 1262 συμβολαίων;
1255 1214 1360 1264 παρὰ
1379 1214 1473 1267 ποίᾳ
1491 1213 1595 1270 ἆρχῇ

261 1276 284 1329 ἢ
311 1280 353 1319 ἐν
377 1279 452 1319 τίνι
477 1280 626 1333 χρόνῳ,·
666 1281 770 1330 παρὰ
795 1283 878 1320 τοῖς
905 1279 1061 1325 ἕνδεκα;
1101 1279 1207 1319 ἀλλὰ
1234 1279 1502 1333 τοιχωρύχους
1532 1280 1595 1319 καὶ

263 1346 434 1388 κλέπτας
459 1347 522 1386 καὶ
547 1346 637 1387 τοὺς
662 1346 811 1388 ἄλλους
840 1347 1079 1398 κακούργους
1103 1345 1192 1388 τοὺς
1219 1347 1283 1386 ἐπὶ
1308 1345 1462 1401 θανάτῳ
1488 1346 1596 1387 οὗτοι

262 1413 507 1465 εἰσάγουσιν.
578 1414 685 1453 ἀλλὰ
710 1415 815 1465 παρὰ
833 1414 886 1468 τῷ
909 1413 1090 1465 ἄρχοντι;
1131 1413 1268 1454 οὐκοῦν
1288 1412 1512 1466 ἐπικλήρων
1532 1414 1594 1453 καὶ

261 1480 446 1532 ὀρφανῶν
482 1481 544 1520 καὶ
579 1484 658 1520 τῶν
693 1479 842 1521 τοκέων
873 1481 926 1536 τῷ
955 1479 1119 1533 ἄρχοντι
1143 1479 1434 1533 προστέτακται
1459 1482 1592 1532 ἐπιμε-

259 1551 433 1588 λεῖσθαι.
493 1549 600 1587 ἀλλὰ
624 1547 670 1597 νὴ
700 1548 779 1587 Δία
803 1549 909 1600 παρὰ
934 1551 987 1602 τῷ
1012 1550 1193 1598 βασιλεῖ.
1265 1547 1357 1588 ἀλλ’
1383 1547 1450 1587 οὐκ
1471 1549 1594 1599 ἐσμὲν

260 1616 563 1667 γυμνασίαρχοι,
607 1615 696 1655 οὐδὲ
739 1615 932 1666 ἀσεβείας
979 1614 1120 1655 οὐδένα
1165 1615 1413 1667 γραφόμεθα.
1501 1615 1593 1655 ἀλλ’

269 1683 279 1696 ‹

260 1699 280 1721 ο
314 1681 568 1734 πολέμαρχος
601 1681 765 1732 εἰσάξει.
836 1683 1087 1722 ἀποστασίου
1121 1699 1167 1734 γε
1204 1683 1268 1722 καὶ
1305 1683 1591 1734 ἀπροστασίου.

259 1748 397 1789 οὐκοῦν
421 1750 642 1789 ὑπόλοιπόν
667 1750 778 1789 ἐστιν
804 1751 840 1790 οἱ
866 1750 1095 1802 στρατηγοί.
1165 1750 1272 1789 ἀλλὰ
1297 1749 1386 1790 τοὺς
1409 1749 1590 1801 τριηράρ-

259 1832 354 1868 χους
387 1819 637 1862 καθιστᾶσιν,
666 1816 880 1869 ἐμπορικὴν
913 1819 955 1857 δὲ
988 1818 1099 1867 δίκην
1132 1816 1316 1867 οὐδεμίαν
1346 1816 1590 1868 εἰσάγουσιν.
1633 1827 1648 1857 ἴ

260 1884 336 1935 ἐγὼ
363 1883 394 1922 δ’
420 1884 497 1934 εἰμὶ
531 1883 715 1936 ἔμπορος,
744 1885 806 1924 καὶ
840 1884 890 1923 σὺ
924 1884 1099 1936 ἀδελφὸς
1135 1883 1196 1924 καὶ
1231 1883 1472 1935 κληρονόμος
1503 1885 1590 1925 ἑνὸς

259 1953 337 1990 τῶν
354 1951 548 2003 ἐμπόρων,
569 1954 638 1990 τοῦ
657 1952 859 2001 λαβόντος
879 1950 969 2003 παρ’
988 1951 1098 2001 ἡμῶν
1117 1952 1165 1990 τὰ
1184 1951 1375 2003 ἐμπορικὰ
1393 1949 1589 2004 χρήματα.

307 2071 318 2090 1
347 2062 398 2093 διὰ
414 2061 462 2101 τιἿ
482 2062 533 2093 διὰ
551 2060 587 2093 σὲ
607 2060 764 2091 Gebauer
847 2071 867 2099 3
892 2062 990 2092 οὕτως
1009 2060 1046 2091 S¹
1064 2073 1070 2091 z
1096 2060 1188 2092 οὗτος
1205 2060 1254 2091 A:
1281 2062 1363 2092 οὕτω
1381 2060 1471 2099 vulg.
1540 2060 1589 2092 τίς

259 2114 323 2135 orn.
337 2105 361 2134 F
375 2105 405 2143 Q
419 2105 448 2134 D
525 2106 546 2134 6
569 2105 690 2142 ταύτην
708 2104 731 2134 S
750 2116 757 2134 :
781 2105 917 2142 ταυτηνί
933 2105 1021 2142 vulg.
1039 2116 1046 2134 :
1071 2114 1135 2134 om⁴
1155 2105 1186 2134 A
1272 2115 1293 2143 9
1316 2105 1589 2145 προσοφείλοντας

261 2148 284 2178 S
299 2159 304 2177 Ζ
331 2151 628 2190 προσοφειλοῦντας
647 2147 677 2176 Α
843 2158 882 2178 10
907 2148 1098 2187 ἐκτείνωμεν
1116 2148 1139 2177 S
1253 2149 1287 2179 οὐ
1305 2149 1407 2179 δεινὸν
1423 2149 1461 2179 ἂν
1478 2146 1543 2185 FQ
1559 2146 1589 2176 D
1607 2181 1610 2184 ⁴

263 2202 299 2230 17
326 2198 403 2231 post
419 2195 452 2223 ἐν
465 2192 608 2231 spatium
621 2191 641 2220 ii
654 2191 716 2220 litt.
731 2190 763 2220 in
777 2191 800 2221 S
868 2192 887 2229 ἢ
900 2214 907 2222 .
921 2214 928 2221 .
943 2213 950 2221 .
967 2190 1072 2232 χρόνῳ
1087 2191 1151 2221 del.
1166 2191 1329 2221 Schaeser
1395 2201 1437 2221 20
1452 2190 1586 2230 τοκέων]

258 2235 380 2276 γονέων
410 2235 557 2273 Dobree,
593 2239 684 2264 recte
711 2239 802 2273 puto,
833 2235 892 2264 sed
919 2235 958 2265 cf.
989 2234 1069 2273 Lyc.
1099 2237 1114 2271 ξ
1148 2244 1207 2273 147
1427 2244 1468 2263 22
1491 2247 1586 2275 παρα-

257 2279 446 2320 ’γραφόμεθα
467 2279 490 2309 S
668 2286 708 2316 25
735 2283 810 2316 post
828 2280 1019 2309 καθιστᾶτιν
1036 2278 1112 2308 add.
1133 2277 1219 2309 οὗτοι
1238 2277 1472 2318 εἰσαγαγόντες
1490 2278 1533 2309 εἷς
1549 2277 1587 2307 τὸ

259 2325 466 2361 δικαστήριον
483 2322 578 2352 codd.
600 2321 649 2361 (in
669 2334 721 2361 γρ.
740 2320 842 2359 1³sz
869 2321 932 2352 del.
955 2320 1056 2351 Dind.
1150 2326 1225 2360 post
1243 2321 1429 2360 εἰσάγουσιν
1447 2321 1522 2351 add.
1543 2321 1587 2351 εἷς

258 2368 295 2397 τὸ
314 2367 519 2407 δικαστήριον
537 2365 560 2395 S
641 2366 746 2402 26—27
775 2366 843 2396 ἑνὸς
861 2368 926 2395 τῶν
944 2363 1106 2404 ἐμπόρων]
1125 2367 1182 2395 τοῦ
1203 2364 1338 2404 ἐμπόρου
1354 2364 1385 2393 Α
1465 2373 1504 2403 27
1529 2365 1586 2394 τοῦ

259 2410 282 2439 S
294 2410 323 2438 A
341 2422 347 2439 :
373 2410 423 2441 καὶ
441 2411 497 2440 τοῦ
514 2408 600 2447 vulg.
735 2418 812 2437 num
830 2406 963 2448 (ταῦτα)
978 2407 1151 2448 χρήματαῖ

1620 487 1638 517 5

1621 827 1659 849 10

1618 1160 1655 1190 Ι5

1616 1492 1655 1513 20
