1685 2772
70 515 88 547 5

50 921 89 942 10

51 1254 88 1286 Ι5

49 1592 90 1614 20

109 109 227 164 xxxx]
530 112 692 151 ΠΡΟΣ
742 112 1000 150 ΑΦΟΒΟΝ

107 224 298 275 τούτοιςὴ
323 223 450 276 μήτηρ
475 223 558 264 κατ’
584 225 681 275 ἐμοῦ
707 224 770 263 καὶ
795 224 866 273 τῆς
888 223 1080 274 ἀδελφῆς,
1103 221 1139 262 οἲ
1163 221 1277 272 μόνοι
1300 221 1436 263 παῖδές

110 293 232 343 ἐσμεν
265 291 372 348 αὐτῇ,
400 290 448 331 δι’
483 291 550 332 οὓς
586 289 855 344 κατεχήρευσε
882 290 952 330 τὸν
988 290 1096 340 βίον,
1122 290 1257 328 πίστιν
1293 288 1436 339 ἤθελεν

109 360 302 400 ἐπιθεῖναι
326 358 679 411 παραστησαμένη,
698 357 767 398 τὸν
790 357 998 408 ἄνθρωπον
1023 359 1160 396 τοῦτον
1181 356 1342 407 ἀφεῖναι
1367 355 1436 396 τὸν

108 425 242 477 πατέρ’
265 425 366 476 ἡνίκ’
392 425 589 472 ἐτελεύτα,
610 424 672 464 καὶ
686 425 918 475 νομίζεσθαι
942 422 1033 475 παρ’
1051 423 1145 473 ἡμῖν
1161 426 1298 462 τοῦτον
1325 422 1436 463 ἐλεύ-

109 495 238 544 θερον·
275 491 322 542 ἣν
347 492 483 542 μηδεὶς
505 493 612 543 ὑμῶν
638 491 826 542 νομιζέτω
848 490 933 530 καθ’
958 490 1068 541 ἡμῶν
1094 489 1180 529 ποτ’
1207 488 1254 528 ἂν
1273 489 1436 539 ὀμνύναι

108 558 215 598 ταῦτ’
245 557 294 599 ἂν
329 558 494 604 ἐθέλειν,
534 560 566 599 εἰ
601 558 653 609 μὴ
692 561 834 610 σαφῶς
866 557 953 613 ᾔδει
987 558 1034 595 τὰ
1066 555 1190 607 εὔορκ’
1226 555 1435 606 ὀμουμένη.

109 626 216 665 ἀλλὰ
239 625 317 676 μὴν
347 625 398 667 ὡς
433 626 562 676 ἀληθῆ
598 624 705 677 λέγω
743 625 805 664 καὶ
841 623 948 664 ταῦτ’
986 621 1083 673 ἦμεν
1114 623 1263 673 ἕτοιμοι
1295 625 1434 669 ποιεῖν,

109 691 221 732 κάλει
244 692 394 732 τούτων
419 692 509 734 τοὺς
532 691 740 744 μάρτυρας.

662 821 881 851 ΜΑΡΤὙῬΕΣ.

172 905 362 943 Τοσαῦτα
397 904 528 946 τοίνυν
561 905 692 944 δίκαια
716 903 850 955 λέγειν
876 902 1051 954 ἐχόντων
1082 901 1191 952 ἡμῶν
1221 901 1284 941 καὶ
1319 917 1433 940 κατα-

108 971 271 1022 φεύγειν
303 971 357 1012 εἶς
392 970 482 1012 τοὺς
512 971 724 1022 μεγίστους
758 969 951 1022 ἐλέγχους
988 969 1207 1008 ἐθελόντων
1243 968 1330 1019 περὶ
1359 971 1437 1007 τῶν

107 1036 474 1089 μεμαρτυρημένων,
496 1037 625 1077 πάντα
648 1040 771 1077 ταῦτα
794 1037 933 1089 φυγὼν
957 1036 1070 1077 οὗτος
1096 1037 1229 1080 οἴεται,
1257 1034 1345 1086 περὶ
1369 1036 1438 1084 τῆς

108 1103 375 1156 γεγενημένης
417 1106 526 1155 δίκης
565 1104 800 1155 διαβάλλων
848 1104 910 1143 καὶ
954 1105 1180 1155 κατηγορῶν
1220 1104 1325 1152 ἐμοῦ,
1369 1104 1438 1141 τοῦ

107 1170 302 1224 μάρτυρος
347 1172 448 1222 ὑμᾶς
495 1173 651 1212 πείσειν
699 1171 1076 1223 καταψηφίσασθαι,
1125 1168 1283 1210 πάντων
1331 1169 1438 1219 οἶμαι

109 1240 271 1290 πρᾶγμα
313 1238 612 1280 κατασκευάσας
649 1238 888 1278 ἀδικώτατον
931 1237 995 1276 καὶ
1037 1236 1435 1277 πλεονεκτικώτατον.

109 1304 223 1346 αὐτὸς
240 1307 313 1356 μὲν
336 1307 413 1358 γὰρ
430 1305 625 1357 μάρτυρας
642 1308 804 1358 ψευδεῖς
827 1304 1150 1356 παρεσκεύασται
1165 1302 1255 1355 περὶ
1273 1303 1434 1349 τούτων,

110 1372 364 1426 συγχορηγὸν
390 1372 494 1425 ἔχων
523 1372 722 1425 Ὀνήτορα
752 1371 821 1412 τὸν
854 1370 1048 1422 κηδεστὴν
1080 1371 1141 1410 καὶ
1172 1369 1434 1421 Τιμοκράτην·

108 1439 220 1490 ἡμεῖς
256 1438 287 1479 δ’
314 1439 404 1492 οὐχὶ
438 1441 673 1491 προειδότες,
712 1439 806 1479 ἀλλ’
839 1439 936 1490 ὑπὲρ
972 1438 1089 1488 αὐτῆς
1124 1440 1192 1488 τῆς
1227 1438 1436 1489 μαρτυρίας

109 1505 320 1558 ἡγούμενοι
352 1506 420 1546 τὸν
457 1506 575 1558 ἀγῶν’
611 1507 789 1552 ἔσεσθαι,
821 1505 911 1546 τοὺς
942 1505 1029 1557 περὶ
1065 1508 1142 1545 τῶν
1175 1505 1218 1544 ἐκ
1249 1506 1317 1554 τῆς
1351 1505 1435 1544 ἐπι-

109 1575 256 1624 τροπῆς
280 1573 493 1626 χρημάτων
521 1573 718 1626 μάρτυρας
741 1574 786 1613 οὐ
815 1571 1171 1624 παρεσκευάσμεθα
1196 1572 1276 1612 νῦν.
1334 1571 1438 1621 ὅμως

111 1639 165 1685 δέ,
195 1641 332 1692 καίπερ
364 1642 487 1682 οὕτως
518 1641 658 1681 τούτου
689 1639 1003 1692 σεσοφισμένου,
1030 1641 1079 1678 τὰ
1112 1637 1307 1690 πράγματ’
1338 1637 1438 1677 αὐτὰ

111 1706 264 1757 διεξιὼν
294 1706 401 1758 οἶμαι
435 1708 577 1761 ῥᾳδίως
613 1709 703 1758 ὑμῖν
739 1706 947 1756 ἐπιδείξειν
977 1704 1186 1745 δικαιότατ’
1218 1704 1436 1756 ἀνθρώπων

111 1776 252 1813 τοῦτον
277 1773 494 1826 ὠφληκότα
522 1774 593 1824 τὴν
627 1775 750 1823 δίκην,
778 1773 852 1826 οὐχ
882 1774 942 1812 ὅτι
974 1773 1041 1812 τὸν
1078 1772 1238 1812 Μιλύαν
1263 1772 1436 1811 ἐκώλυον

110 1841 357 1891 βασανίζειν,
397 1840 476 1880 οὐδ’
512 1842 573 1880 ὅτι
605 1844 744 1881 τοῦτον
781 1840 987 1892 ἐλεύθερον
1017 1839 1290 1890 ὡμολόγησεν,
1321 1839 1357 1878 οἱ
1394 1840 1436 1878 δὲ

109 1905 302 1958 μάρτυρες
325 1907 397 1946 οἵδ’
424 1908 709 1959 ἐμαρτύρησαν,
737 1906 828 1947 ἀλλ’
859 1908 920 1946 ὅτι
951 1908 1085 1946 πολλὰ
1114 1909 1191 1946 τῶν
1220 1906 1321 1956 ἐμῶν
1346 1903 1433 1955 ἐξη-

110 1972 264 2026 λέγχθη
297 1975 440 2023 λαβὼν
481 1974 542 2013 καὶ
578 1973 646 2013 τὸν
683 1973 791 2013 οἶκον
828 1973 896 2013 οὐκ
932 1974 1158 2023 ἐμίσθωσεν
1194 1976 1270 2012 τῶν
1307 1972 1435 2022 νόμων

111 2041 354 2080 κελευόντων
381 2041 443 2080 καὶ
478 2044 546 2079 τοῦ
581 2040 726 2092 πατρὸς
761 2042 804 2080 ἐν
837 2045 884 2096 τῇ
918 2038 1080 2095 διαθήκῃ
1113 2038 1356 2091 γράψαντος,
1385 2038 1435 2078 ὣς

112 2106 190 2158 ἐγὼ
216 2111 355 2159 σαφῶς
388 2108 478 2157 ὑμῖν
511 2106 705 2157 ἐπιδείξω·
742 2110 862 2147 ταῦτα
889 2108 962 2156 μὲν
991 2108 1065 2158 γὰρ
1095 2104 1142 2155 ἧν
1168 2108 1290 2145 πᾶσιν
1324 2106 1432 2150 ἰδεῖν,

112 2174 149 2212 οἱ
182 2174 298 2223 νόμοι
334 2174 396 2213 καὶ
425 2173 470 2212 τὸ
500 2176 650 2223 πλῆθος
679 2175 733 2213 ῶν
767 2174 875 2213 οὗτοι
905 2171 1170 2224 διηρπάκεσαν
1206 2170 1431 2224 χρημάτων·

157 2293 175 2312 2
200 2283 397 2324 κατεχήρευε
417 2282 446 2311 D
591 2285 706 2319 ἤθελεν
726 2282 750 2313 S
766 2282 835 2322 (me
852 2282 968 2321 teste),
986 2281 1025 2312 cf.
1048 2283 1062 2318 ξ
1082 2283 1142 2319 56:
1169 2280 1328 2318 ἠθέλησεν
1344 2280 1434 2318 vulg.

113 2327 134 2356 6
157 2327 196 2357 ἂν
211 2336 277 2357 om.
298 2326 324 2355 F
339 2325 368 2355 D
533 2335 571 2354 21
601 2327 680 2357 αὐτὰ
697 2336 763 2357 om.
781 2324 820 2355 Sl
982 2334 1022 2363 25
1047 2325 1103 2356 οἵδ’
1122 2323 1189 2364 ἐμ.]
1207 2325 1236 2355 οἳ
1253 2325 1299 2362 ἐμ.
1322 2322 1382 2353 S¹t
1406 2324 1436 2354 οἳ

113 2372 194 2408 διεμ.
212 2368 243 2398 Α
332 2379 372 2408 27
398 2371 447 2401 καὶ
466 2374 641 2408 suspectat
658 2368 861 2399 Schulthess
973 2379 1015 2407 29
1039 2367 1266 2408 διηρπάκεισαν
1284 2366 1380 2396 codd.

1467 918 1511 953 27

1467 1291 1584 1391 53⁵3]

1468 1785 1514 1820 29
