1685 2772
97 135 260 189 xxxvn]
413 138 575 177 ΠΡΟΣ
625 139 1095 176 HANTAINETON
1456 125 1578 181 [970]

95 248 322 303 ἐφαινόμεθ’
347 250 401 289 ὧν
427 247 630 299 ἐωνήμεθα
657 251 825 300 κρατεῖν,
847 247 1030 294 ἱκέτευεν,
1054 249 1191 293 ἐδεῖτο,
1212 246 1425 298 ἠντεβόλει

94 319 292 369 πρατῆρας
321 316 423 366 ἡμᾶς
450 314 651 368 γενέσθαι.
723 314 928 366 ἀξιοῦντος
956 317 998 356 δὲ
1027 314 1167 354 τούτου
1199 315 1262 354 καὶ
1290 315 1425 355 πολλὰ

94 382 301 434 δεηθέντος
330 384 425 433 ἐμοῦ
454 382 517 422 καὶ
548 382 590 422 τί
615 382 662 423 οὗ
691 381 954 432 ποιήσαντος;
996 381 1056 421 καὶ
1085 380 1191 421 τοῦθ’
1221 380 1421 432 ὑπέμεινα.

94 450 196 503 ὁρῶν
218 449 253 490 δ’
279 449 410 496 αὐτόν,
436 446 466 488 ὦ
492 448 630 501 ἄνδρες
658 447 874 498 Ἀθηναῖοι,
904 447 1086 498 κακοήθη,
1115 448 1178 489 καὶ
1208 447 1252 487 τὸ
1280 449 1353 498 μὲν
1384 445 1430 496 ἐξ
1461 459 1500 494 15

55 530 72 561 5
93 517 218 570 ἀρχῆς
256 520 327 557 τοῦ
365 515 647 566 Μνησικλέους
689 519 984 567 κατηγοροῦντα
1023 518 1119 567 πρὸς
1154 515 1267 565 ἡμᾶς,
1305 512 1426 554 πάλιν

93 582 126 623 δ’
161 581 192 639 ᾧ
225 584 346 636 φίλος
381 581 430 633 ἦν
471 584 519 622 τὰ
554 582 747 634 μάλιστα,
784 586 838 636 τῷ
877 581 1052 636 Εὐέργῳ,
1089 582 1213 636 τούτῳ
1254 597 1424 633 προσκε-

94 651 296 703 κρουκότα,
323 650 387 690 καὶ
412 649 456 689 τὸ
480 652 552 700 μὲν
585 653 740 702 πρῶτον
772 648 823 690 ὡς
849 650 928 702 ἐγὼ
961 648 1224 694 κατέπλευσα,
1252 647 1424 699 ἅσμενον

94 717 292 770 φάσκονθ’
318 716 520 770 ἑορακέναι
544 734 606 768 με,
635 716 768 767 ἐπειδὴ
818 715 827 730 ’
847 716 927 757 ἔδει
951 717 999 756 τὰ
1025 717 1154 756 δίκαια
1177 719 1315 761 ποιεῖν,
1338 716 1424 766 ἐμοὶ

91 783 214 826 πάλιν
245 785 572 831 δυσκολαίνοντα,
599 783 663 824 καὶ
700 783 827 824 ἅπασι
861 783 979 837 μέχρι
1014 786 1083 823 τοῦ
1116 785 1339 834 προλαβεῖν
1365 783 1425 823 καὶ

35 872 72 894 ιο
91 855 228 906 τυχεῖν
262 853 317 893 ὧν
352 851 480 892 δέοιτο
515 851 641 903 φίλον
674 853 782 898 ὄντα,
823 852 922 902 μετὰ
959 853 1081 890 ταῦτα
1116 849 1148 890 δ’
1186 848 1327 903 ἐχθρὸν
1364 851 1425 890 καὶ

91 918 285 972 διάφορον
320 919 571 972 γιγνόμενον,
607 917 741 969 ἠξίουν
778 918 1130 969 ἀπαλλαττόμενος
1170 918 1232 958 καὶ
1275 916 1426 969 πρατὴρ
1459 898 1571 989 [ἓΊῙ]

90 987 187 1039 ὑπὲρ
221 986 361 1028 τούτου
395 987 641 1038 γιγνόμενος,
667 984 826 1026 πάντων
860 985 1026 1038 ἀφεθεὶς
1057 989 1136 1026 τῶν
1166 983 1426 1037 ἐγκλημάτων
1459 963 1474 990 1

93 1053 156 1094 καὶ
191 1053 454 1105 ἀπαλλαγείς,
494 1054 593 1093 οὕτω
634 1052 881 1094 διαλύεσθαι.
953 1052 1102 1093 τούτων
1144 1053 1185 1092 δὲ
1217 1068 1425 1104 συγχωρη-

91 1119 240 1160 θέντων
275 1119 389 1161 οῧτος
422 1121 496 1171 μὲν
532 1120 685 1172 ἀφῆκεν
719 1118 907 1160 ἁπάντων
944 1118 1024 1170 ἐμέ,
1061 1119 1139 1171 ἐγὼ
1180 1120 1223 1159 δὲ
1261 1116 1424 1170 πρατήρ,

35 1200 71 1232 15
92 1187 228 1239 ὥσπερ
270 1186 384 1227 ἐδεῖθ’
426 1186 551 1232 οὗτος,
595 1190 673 1226 τῶν
721 1185 928 1238 κτημάτων
976 1186 1203 1238 ἐγιγνόμην,
1251 1184 1426 1237 καθάπερ

93 1253 207 1294 αὐτὸς
228 1253 422 1305 ἐπριάμην
445 1255 551 1306 παρὰ
577 1252 873 1304 Μνησικλέους.
933 1252 1198 1304 κομισάμενος
1216 1254 1259 1293 δὲ
1277 1252 1405 1302 τάμαυ

93 1323 161 1360 τοῦ
195 1320 256 1360 καὶ
280 1323 419 1361 τοῦτον
453 1319 532 1360 οὐδ’
564 1321 692 1360 ὁτιοῦν
722 1320 879 1366 ἀδικῶν,
911 1321 966 1371 μὰ
997 1319 1089 1361 τοὺς
1121 1319 1246 1364 θεούς,
1274 1318 1353 1359 οὐδ’
1378 1317 1426 1358 ἂν

93 1388 131 1428 εἴ
151 1404 187 1427 τι
212 1386 377 1440 γένοιτο,
405 1386 533 1442 ᾠήθην
558 1387 605 1427 ἂν
629 1388 740 1437 δίκην
764 1404 831 1438 μοι
855 1391 999 1440 λαχεῖν
1024 1389 1119 1427 ποτὲ
1143 1387 1307 1426 τουτονί.

157 1455 221 1494 Τὰ
244 1456 318 1505 μὲν
341 1454 387 1504 δὴ
414 1453 670 1506 γεγενημένα,
699 1454 762 1494 καὶ
793 1454 882 1507 περὶ
914 1454 968 1494 ὧν
1001 1455 1134 1494 οἴσετε
1164 1452 1237 1503 τὴν
1268 1454 1425 1505 ψῆφον,
1460 1468 1503 1503 17

34 1538 74 1560 20
94 1521 157 1561 καὶ
194 1520 242 1561 δι’
279 1522 303 1561 ἂ
338 1520 409 1571 τὴν
445 1521 556 1571 δίκην
598 1521 974 1574 συκοφαντούμενος
1014 1519 1334 1573 παρεγραψάμην
1373 1519 1426 1571 μὴ

94 1588 366 1640 εἰσαγώγιμον
391 1588 504 1634 εἶναι,
530 1587 638 1628 ταῦτ’
666 1589 789 1634 ἐστιν,
817 1586 846 1628 ὦ
871 1588 1010 1640 ἄνδρες
1035 1589 1230 1628 δικασταί.
1302 1603 1423 1639 παρα-

94 1655 294 1708 σχόμενος
319 1657 360 1694 δὲ
384 1654 581 1707 μάρτυρας
607 1655 644 1696 οἳ
669 1657 852 1707 παρῆσαν
876 1654 976 1705 ἡνίκ’
1001 1654 1175 1707 ἀφιέμην
1194 1653 1270 1694 ὑπὸ
1288 1654 1428 1694 τούτου

94 1722 155 1761 καὶ
180 1722 502 1772 ἀπηλλαττόμην,
531 1721 581 1763 ὡς
606 1722 675 1762 οὐκ
701 1722 966 1774 εἰσαγώγιμος
993 1723 1035 1761 ἐκ
1057 1725 1136 1762 τῶν
1161 1722 1292 1771 νόμων
1319 1721 1428 1761 ἐστὶν

91 1788 115 1838 ἡ
158 1789 255 1838 δίκη,
298 1790 397 1839 μετὰ
432 1787 538 1828 ταῦτ’
575 1788 769 1839 ἐπιδείξω.
841 1789 907 1828 καί
939 1806 1006 1839 μοι
1042 1788 1137 1840 λέγε
1177 1788 1322 1838 ταύτην
1357 1787 1429 1838 τὴν

35 1878 72 1909 25
92 1855 317 1908 μαρτυρίαν.

656 1920 867 1947 ΜΑΡΤΎΡΙΑ.

1417 1981 1427 1995 U

161 1981 264 2034 Λέγε
304 1981 350 2033 δή
392 1999 457 2033 μοι
498 1982 560 2022 καὶ
601 1982 673 2032 τὴν
713 1986 792 2023 τῶν
834 1982 1067 2034 ἐωνημένων
1108 1983 1333 2034 μαρτυρίαν,
1377 1983 1413 2022 ἵν

95 2049 214 2099 εἰδῆθ’
257 2050 317 2089 ὅτι
359 2050 499 2089 τούτου
548 2049 778 2091 κελεύοντος
825 2049 909 2089 αὕτ’
958 2050 1158 2100 ἀπεδόμην
1206 2050 1263 2091 οἷς
1317 2049 1429 2089 οὗτος

93 2115 316 2156 ἐκέλευσεν.

140 2236 153 2255 1
180 2226 350 2264 ἠντιβόλει
374 2226 471 2256 codd.
622 2236 640 2256 2
664 2225 816 2267 γενέσθαι
839 2225 926 2264 vulg.
951 2226 1048 2256 etiam
1079 2226 1128 2256 S:
1160 2227 1328 2267 γίγνεσθαι
1354 2224 1383 2263 Q
1399 2224 1428 2254 D

95 2280 115 2308 4
139 2270 191 2301 καὶ
208 2274 287 2300 ante
305 2269 445 2307 κακοήθη
463 2270 540 2300 add.
559 2269 583 2300 S
750 2270 770 2299 8
795 2268 920 2309 ἐπειδὴ]
941 2271 1008 2300 ἐπεὶ
1027 2269 1050 2299 S
1062 2269 1092 2298 A
1219 2268 1246 2300 δ’
1263 2279 1326 2300 om.
1346 2268 1382 2298 Sl
1399 2268 1429 2297 D

95 2323 115 2351 9
139 2315 337 2354 προσλαβεῖν
355 2313 378 2343 S
516 2322 554 2343 10
578 2311 698 2351 δέοιτο]
716 2315 817 2344 δεῖται
833 2312 864 2341 Α
1002 2323 1039 2342 12
1063 2312 1222 2351 τούτουῼ
1246 2311 1428 2349 ζΒοῦι-εεὶτ

96 2359 160 2387 τῶν
177 2356 295 2388 τούτου
313 2356 337 2386 S
349 2356 375 2386 F
390 2367 397 2387 ἰ
421 2359 541 2388 τούτου
558 2360 654 2388 τινῶν
670 2355 701 2386 Α
790 2355 936 2396 πάντων]
956 2358 1003 2388 καὶ
1022 2357 1150 2388 πάντων
1167 2355 1192 2386 S
1333 2364 1370 2393 13
1395 2354 1429 2386 δὲ

98 2398 121 2429 S
134 2398 166 2428 A
181 2410 187 2429 :
213 2401 250 2437 δὴ
267 2400 357 2439 vulg.
458 2409 496 2438 14
520 2413 559 2439 με
579 2399 726 2431 ἁπάντων
741 2399 772 2430 Α
875 2401 913 2429 18
936 2400 1084 2441 γίγνοιτο
1103 2399 1127 2430 S
1226 2400 1264 2431 ἂν
1279 2409 1342 2429 om.
1363 2397 1429 2437 FQ

98 2444 214 2474 τοῦτον
230 2441 262 2472 Α
394 2453 434 2473 22
459 2443 509 2483 δὲ]
529 2442 564 2474 δὲ
581 2444 654 2475 τοὺς
673 2442 696 2473 S
710 2443 741 2473 A
874 2453 915 2481 23
939 2445 995 2475 οὐκ
1012 2443 1035 2472 S
1051 2454 1057 2472 :
1083 2443 1147 2474 οὐδ’
1163 2442 1251 2482 vulg.
