1685 2772
101 139 220 194 [898]

178 940 223 977 19

181 1900 225 1924 20

96 1946 223 2002 [899]

659 143 1185 201 [ΔΗΜΟΣΘΕΝΟΎΣ]
1429 146 1583 201 [xxxm

251 259 421 312 τήμερον
448 259 648 314 ἐνήνοχεν,
677 262 730 303 εἰς
755 263 797 301 δὲ
822 261 893 312 τὴν
912 260 1061 313 ἡμέραν
1080 260 1152 311 τὴν
1173 260 1438 313 συγκειμένην
1457 263 1581 303 ἀπαν-

250 326 377 378 τήσας
403 329 456 368 εἷς
481 326 525 367 τὸ
549 326 829 378 ζΗφαιστεῖον,
862 328 1155 380 προύφασίζετο
1186 328 1236 369 ὡς
1262 329 1282 367 6
1306 332 1399 370 παῖς
1424 329 1583 381 περιμέ-

251 412 330 435 νων
356 394 473 434 αὑτὸν
498 395 765 436 ἀπολωλεκὼς
791 396 849 445 εἴη
874 395 920 435 τὸ
945 399 1214 447 γραμματεῖον
1234 396 1444 436 καθεύδων.
1496 397 1517 435 6
1541 398 1584 437 δὲ

250 465 374 502 ταῦτα
404 461 702 511 κατασκευάζων
736 461 782 511 ἦν
813 461 996 514 Ἐρυξίας
1029 463 1050 502 6
1080 463 1208 514 ἰατρὸς
1239 463 1259 502 ὁ
1295 463 1338 502 ἐκ
1372 466 1582 515 Πειραιῶς,

253 529 404 570 οἰκείως
438 529 540 582 ἔχων
573 533 625 583 τῷ
656 529 921 581 Ἀριστοκλεῖ·
959 529 1085 580 ὅσπερ
1121 528 1181 569 καὶ
1216 530 1301 580 ἐμοὶ
1332 533 1399 570 τοῦ
1431 531 1620 582 ἀγῶνος5

253 596 375 637 αἴτιός
396 596 519 641 ἐστιν,
541 596 738 648 διαφόρως
759 595 875 649 ἔχων.
940 596 1001 635 καὶ
1023 596 1073 637 ὡς
1093 595 1302 649 ἐσκήψατο
1328 596 1584 638 ἀπολωλέναι

255 663 274 703 6
299 662 573 715 Ἀριστοκλῆς,
601 663 797 703 ἀκούσατε
821 667 899 703 τῶν
917 667 1150 716 μαρτυριῶν.

801 841 1029 868 ΜΑΡΤΤΡῙΑΙ.

318 921 528 962 Ἐντεῦθεν
560 922 691 962 τοίνυν
723 920 768 962 τὸ
800 924 873 972 μὲν
906 923 974 972 τῆς
1001 923 1212 973 ἐπιτροπῆς
1237 920 1416 969 ἐλέλυτο,
1443 922 1585 975 ἠφανι·

253 988 411 1041 σμένων
439 993 518 1029 τῶν
552 991 756 1039 συνθηκῶν
793 988 857 1029 καὶ
892 993 971 1029 τῶν
1007 992 1213 1039 διαιτητῶν
1252 989 1584 1041 ἀντιλεγομένων·
1610 1011 1647 1033 10

253 1058 542 1110 ἐπιχειροῦντες
590 1058 631 1096 δὲ
674 1055 843 1108 γράφειν
887 1055 1021 1107 ἑτέρας
1063 1054 1259 1105 συνθήκας
1307 1055 1395 1107 περὶ
1435 1056 1586 1097 τούτων

253 1123 532 1177 διηνέχθησαν,
583 1123 695 1165 οὗτος
745 1125 818 1174 μὲν
860 1122 980 1173 ἀξιῶν
1027 1122 1096 1163 τὸν
1143 1122 1423 1174 Ἀριστοκλέα,
1474 1124 1495 1162 6
1544 1126 1585 1165 δὲ

256 1190 475 1243 Παρμένων
517 1189 606 1231 τοὺς
648 1193 763 1242 τρεῖς,
807 1190 947 1241 οἵσπερ
987 1189 1050 1230 καὶ
1089 1188 1135 1240 ἐξ
1173 1190 1297 1242 ἀρχῆς
1332 1189 1355 1241 ἡ
1393 1190 1585 1243 ἐπιτροπὴ

253 1257 425 1311 ἐγένετο.
497 1257 541 1296 οὐ
576 1260 809 1309 γραφεισῶν
846 1256 878 1297 δ’
916 1256 1061 1308 ἑτέρων
1098 1259 1316 1306 συνθηκῶν,
1350 1260 1430 1296 τῶν
1465 1259 1508 1298 δὲ
1543 1256 1589 1308 ἐξ

254 1325 378 1377 ἀρχῆς
403 1325 715 1376 ἀφανισθεισῶν,
744 1325 799 1366 εἰς
828 1323 931 1364 τοῦτ’
956 1322 1078 1373 ἦλθεν
1107 1324 1305 1364 ἀναιδείας
1331 1323 1351 1362 6
1381 1323 1585 1376 ἠφανικὼς
1608 1344 1644 1376 15

253 1393 322 1433 τὰς
348 1389 557 1442 συνθήκας,
585 1391 691 1431 ὥστε
717 1392 771 1432 εἶς
797 1390 850 1431 ὢν
880 1392 1178 1443 ἀποφανεῖσθαι
1209 1390 1285 1441 ἔφη
1317 1389 1388 1440 τὴν
1417 1392 1583 1432 δίαιταν.

253 1457 533 1510 παρακαλέσας
559 1459 599 1498 δὲ
624 1459 644 1497 6
670 1457 890 1510 Παρμένων
914 1457 1109 1510 μάρτυρας
1134 1458 1300 1497 ἀπεῖπεν
1325 1461 1378 1512 τῷ
1398 1457 1584 1510 Ἀριστο-

255 1529 343 1566 κλεῖ
365 1525 416 1576 μὴ
445 1525 742 1577 ἀποφαίνεσθαι
770 1527 875 1577 παρὰ
903 1527 972 1566 τὰς
1002 1524 1200 1575 συνθήκας
1232 1524 1315 1564 καθ’
1346 1525 1464 1565 αὑτοῦ
1494 1525 1585 1566 ἄνευ

253 1596 331 1633 τῶν
357 1595 653 1643 συνδιαιτητῶν.
724 1592 787 1632 καὶ
816 1593 870 1632 ὧν
895 1592 1074 1633 ἐναντίον
1094 1591 1273 1639 ἀπεῖπεν,
1296 1591 1494 1633 ἀκούσατε
1517 1594 1587 1642 τῆς

254 1660 480 1711 μαρτυρίας.
1611 1676 1649 1699 20

813 1799 1024 1826 MAPTTPIA.

324 1881 438 1920 Μετὰ
476 1881 597 1918 ταῦτα
644 1879 774 1919 τοίνυν
813 1880 865 1934 τῷ
911 1877 1160 1930 Παρμένοντι
1202 1877 1355 1928 συνέβη
1399 1878 1589 1930 συμφορὰ

257 1946 377 1998 δεινή,
405 1945 434 1986 ὦ
460 1945 597 1997 ἄνδρες
623 1947 817 1986 δικασταί.
891 1947 1090 1987 οἰκοῦντος
1115 1946 1190 1997 γὰρ
1223 1945 1339 1985 αὐτοῦ
1370 1945 1412 1984 ἐν
1437 1943 1587 1996 Ὀφρυ-

257 2015 346 2068 νείῳ
372 2014 435 2053 διὰ
466 2011 537 2063 τὴν
569 2014 723 2053 οἴκοθεν
754 2012 899 2065 φυγήν,
932 2013 997 2052 ὅτε
1028 2013 1048 2051 6
1079 2011 1245 2062 σεισμὸς
1270 2010 1428 2064 ἐγένετο
1454 2011 1474 2049 6
1500 2011 1589 2062 περὶ

258 2081 526 2133 Χερρόνησον,
571 2079 854 2130 συμπεσούσης
897 2079 1000 2133 αὐτῷ
1041 2081 1110 2129 τῆς
1151 2079 1274 2120 οἰκίας
1316 2077 1525 2118 ἀπώλοντο
1565 2076 1648 2129 ἡ25

258 2146 354 2200 γυνὴ
390 2147 451 2187 καὶ
487 2148 523 2187 οἱ
559 2150 707 2188 παῖδες.
769 2147 830 2186 καὶ
865 2147 884 2185 ὁ
913 2148 986 2197 μὲν
1018 2145 1235 2196 πυθόμενος
1271 2144 1342 2194 τὴν
1379 2144 1590 2200 συμφορὰν

304 2266 323 2293 4
349 2254 596 2294 κατασκευάζων
615 2254 638 2284 S
653 2265 660 2285 :
688 2253 1000 2294 συγκατασκευάζων
1011 2253 1040 2283 Α
1054 2254 1121 2293 (me
1132 2253 1235 2293 teste)
1253 2252 1277 2282 F
1289 2252 1319 2291 Q
1334 2253 1363 2282 D
1438 2251 1478 2290 ἣν
1496 2252 1520 2283 S
1537 2250 1587 2282 A:

261 2300 353 2331 ἐστὶν
368 2299 455 2338 vulg.
591 2297 747 2339 Ἐρυξίας]
760 2297 881 2338 ὶἘρυξις
897 2297 929 2327 Α
1102 2299 1123 2327 6
1147 2295 1350 2328 ἀπολωλέναι
1368 2297 1408 2334 Α,
1427 2295 1468 2327 cs.
1489 2297 1505 2333 ξ
1524 2305 1565 2335 37
1583 2306 1590 2326 :

261 2342 500 2375 ἀπολωλεκέναι
518 2341 608 2380 vulg.
703 2351 741 2379 13
766 2340 833 2380 καὶ]
853 2342 890 2372 τὸ
908 2340 939 2370 Α
1035 2351 1073 2379 19
1097 2343 1267 2378 διαιτητῶν
1285 2339 1317 2369 Α
1414 2349 1455 2368 22
1479 2343 1524 2380 τῷ
1542 2339 1566 2369 S
1583 2349 1590 2368 :

260 2390 305 2426 τῷ
322 2386 380 2424 μὲν
397 2386 484 2424 vulg.
720 2394 762 2423 23
788 2385 961 2425 ’Otppvuech
981 2384 1020 2414 cf.
1038 2382 1278 2414 Meisterhans³
1296 2393 1327 2422 p.
1348 2382 1405 2423 52]
1432 2381 1589 2425 Ὀφρυνίῳ

260 2430 355 2461 codd.
490 2438 531 2467 25
557 2428 607 2459 καὶ
624 2432 702 2458 ante
720 2427 947 2467 συμπεσούσης
965 2427 1054 2466 vulg.
1072 2439 1078 2458 :
1104 2437 1168 2458 om.
1190 2427 1256 2457 SA
