1685 2772
103 99 251 155 xxm]
493 105 656 143 ΠΡΟΣ
705 104 1040 142 ΦΟΡΜΙΩΝΑ
1466 93 1584 148 [918]

101 216 216 255 οἰκῶν
245 216 318 265 μὲν
347 214 578 265 Ἀθήνησιν,
614 215 738 266 οὔσης
768 215 800 255 δ’
834 216 936 271 αὐτῷ
973 215 1156 268 γυναικὸς
1194 214 1332 255 ἐνθάδε
1369 214 1431 254 καὶ

100 282 261 328 παίδων,
283 286 361 322 τῶν
387 283 428 322 δὲ
454 282 586 332 νόμων
604 283 652 322 τὰ
677 282 834 336 ἔσχατα
857 284 1031 333 ἐπιτίμια
1056 282 1369 334 προτεθηκότων,
1397 283 1434 322 εἴ

99 366 157 390 τις
183 350 300 388 οἰκῶν
319 347 536 399 Ἀθήνησιν
560 348 718 390 ἄλλοσέ
741 367 806 390 ποι
832 345 1132 402 σιτηγήσειενῆ
1159 350 1213 391 εἷς
1237 348 1281 388 τὸ
1301 348 1427 388 Ἀττι-

100 414 167 455 κὸν
193 415 392 467 ἐμπόριον,
420 415 477 455 ἔτι
503 416 535 454 δ’
561 418 606 456 ἐν
627 416 791 471 τοιούτῳ
817 420 948 470 καιρῷ,
977 417 1019 456 ἐν
1045 414 1074 470 ᾧ
1097 417 1204 467 ὑμῶν
1229 416 1265 455 οἱ
1289 416 1361 466 μὲν
1387 415 1429 455 ἐν

60 496 77 527 5
98 486 151 536 τῷ
182 481 293 522 ἄστει
319 483 516 524 οἰκοῦντες
541 486 812 535 διεμετροῦντο
837 485 885 522 τὰ
910 482 1062 534 ἄλφιτα
1087 484 1130 522 ἐν
1155 486 1207 536 τῷ
1235 481 1364 536 ᾠδείῳ,
1392 483 1428 521 οἳ

98 548 130 588 δ’
151 550 192 589 ἐν
211 553 264 603 τῷ
292 552 474 600 Πειραιεῖ
495 550 537 590 ἐν
561 553 614 604 τῷ
638 550 786 604 νεωρίῳ
811 549 1042 600 ἐλάμβανον
1069 548 1151 589 κατ’
1170 548 1322 599 ὀβολὸν
1340 547 1429 589 τοὺς

98 614 237 667 ἄρτους
262 615 323 655 καὶ
350 616 415 656 ἐπὶ
441 618 511 666 τῆς
537 619 688 668 μακρᾶς
716 619 838 657 στοᾶς
864 618 914 657 τὰ
945 615 1109 669 ἄλφιτα,
1138 614 1221 656 καθ’
1243 615 1429 665 ἡμίεκτον

96 682 353 734 μετρούμενοι
394 682 457 722 καὶ
500 683 851 735 καταπατούμενοι.
937 682 999 723 καὶ
1039 684 1100 723 ὅτι
1141 683 1267 732 ἀληθῆ
1306 681 1426 734 λέγω,

95 748 204 800 λαβέ
230 766 296 800 μοι
320 748 392 800 τήν
417 767 459 790 τε
483 751 698 803 μαρτυρίαν
722 751 785 791 καὶ
810 753 878 791 τὸν
904 750 1036 801 νόμον.

38 881 77 904 10
554 883 765 910 ΜΑΡΤΎΡΙΑ.
814 882 970 911 ΝΟΜΟΣ.

163 962 353 1013 Φορμίων
387 963 520 1002 τοίνυν
555 962 678 1017 τούτῳ
716 962 919 1015 χρώμενος
956 965 1128 1015 κοινωνῷ
1167 961 1228 1001 καὶ
1263 960 1429 1013 μάρτυρι
1460 971 1503 1014 38

96 1029 218 1069 οἴεται
257 1031 338 1069 δεῖν
379 1030 657 1081 ἀποστερῆσαι
695 1030 743 1070 τὰ
781 1027 963 1083 χρήματα
1000 1028 1114 1079 ἡμᾶς,
1156 1029 1196 1068 οἵ
1229 1045 1277 1078 γε
1315 1045 1424 1078 σιτη-

95 1099 256 1148 γοῦντες
282 1095 608 1146 διατετελέκαμεν
634 1096 688 1137 εἰς
713 1095 758 1136 τὸ
781 1095 970 1147 ὑμέτερον
993 1095 1194 1146 ἐμπόριον,
1225 1095 1286 1135 καὶ
1311 1099 1427 1147 τριῶν

95 1162 167 1212 ἤδη
206 1166 351 1214 καιρῶν
389 1163 690 1215 κατειληφότων
729 1162 800 1213 τὴν
840 1163 970 1208 πόλιν,
1015 1163 1056 1202 ἐν
1095 1162 1151 1203 οῖς
1190 1163 1298 1213 ὑμεῖς
1338 1161 1427 1203 τοὺς

40 1249 77 1281 15
97 1230 318 1281 χρησίμους
348 1233 401 1284 τῷ
432 1228 539 1283 δήμῳ
569 1228 790 1279 ἐξητάζετε,
817 1228 975 1271 οὐδενὸς
1006 1229 1153 1268 τούτων
1187 1229 1424 1280 ἀπολελείμ-

97 1298 209 1347 μεθα,
237 1295 330 1336 ἀλλ’
355 1297 421 1336 ὅτε
445 1299 517 1347 μὲν
544 1297 598 1337 εἰς
633 1295 780 1346 Θήβας
807 1294 1071 1348 Ἀλέξανδρος
1100 1294 1248 1352 παρῄει,
1280 1296 1424 1336 ἐπεδώ-

100 1379 221 1413 καμεν
251 1364 344 1413 ὑμῖν
375 1362 573 1404 τάλαντον
606 1363 805 1415 ἀργυρίου·
849 1364 914 1403 ὅτε
950 1362 983 1402 δ’
1019 1363 1038 1401 ὁ
1072 1366 1182 1403 σῖτος
1215 1361 1426 1413 ἐπετιμήθη
1458 1381 1505 1415 39

95 1426 177 1480 <τὸ>
203 1430 395 1482 πρότερον
421 1430 484 1469 καὶ
511 1429 668 1481 ἐγένετο
694 1430 897 1469 ἑκκαίδεκα
921 1432 1120 1482 δραχμῶν,
1144 1429 1426 1481 εἰσαγαγόντες

96 1496 258 1538 πλείους
280 1493 306 1546 ἢ
329 1498 489 1548 μυρίους
513 1498 721 1547 μεδίμνους
750 1500 882 1548 πυρῶν
908 1495 1219 1548 διεμετρήσαμεν
1243 1497 1332 1546 ὑμῖν
1357 1498 1426 1546 τῆς

37 1574 75 1594 20
96 1563 380 1614 καθεστηκυίας
405 1566 530 1614 τιμῆς,
554 1563 671 1603 πέντε
696 1566 881 1616 δραχμῶν
905 1562 974 1603 τὸν
991 1562 1190 1614 μέδιμνον,
1220 1563 1282 1603 καὶ
1307 1566 1426 1603 ταῦτα

94 1629 239 1672 πάντες
271 1632 360 1671 ἴστε
389 1632 432 1670 ἐν
455 1634 509 1684 τῷ
543 1630 723 1684 πομπείῳ
755 1630 1086 1681 διαμετρούμενοι·
1124 1628 1265 1681 πέρυσι
1297 1631 1336 1670 δὲ
1371 1631 1425 1671 εἷς

93 1696 165 1746 τὴν
185 1698 375 1737 σιτωνίαν
395 1697 466 1747 τὴν
490 1698 588 1748 ὑπὲρ
611 1700 680 1736 τοῦ
704 1695 826 1747 δήμου
851 1696 1046 1736 τάλαντον
1064 1697 1154 1747 ὑμῖν
1176 1696 1424 1748 ἐπεδώκαμεν

95 1764 172 1816 ἐγώ
213 1781 255 1805 τε
295 1765 359 1805 καὶ
396 1765 417 1803 ὁ
457 1764 646 1816 ἀδελφός.
718 1765 784 1804 καί
818 1781 884 1815 μοι
927 1762 1125 1816 ἀνάγνωθι
1166 1763 1315 1804 τούτων
1355 1765 1424 1805 τὰς

92 1831 318 1883 μαρτυρίας.

34 1907 72 1936 25
644 1914 873 1942 MAPTTPIAI.
1457 1902 1574 1958 [919]

161 1995 291 2035 Ἀλλὰ
315 1995 393 2046 μὴν
419 1996 455 2036 εἴ
481 2012 527 2048 γε
558 1998 620 2036 δεῖ
647 1995 707 2035 καὶ
731 1995 883 2036 τούτοις
908 1996 1200 2047 τεκμαίρεσθαι,
1228 1995 1295 2035 οὐκ
1324 1996 1426 2036 εἰκὸς
1455 2005 1502 2038 40

94 2059 141 2111 ἦν
177 2063 393 2103 ἐπιδιδόναι
427 2064 499 2113 μὲν
535 2062 637 2113 ἡμᾶς
671 2065 847 2101 τοσαῦτα
883 2061 1079 2114 χρήματα,
1119 2064 1181 2102 ἵνα
1214 2061 1304 2114 παρ’
1336 2063 1426 2112 ὑμῖν

139 2182 158 2201 2
185 2172 294 2211 επῖμια
311 2172 334 2202 S
397 2171 675 2213 προστεθεικότων
691 2171 786 2202 codd.
806 2183 812 2202 ε
838 2171 1090 2212 προτεθεικότων
1108 2171 1208 2202 Wolf
1262 2183 1281 2211 3
1300 2171 1428 2204 ἄλλοσέ

94 2228 148 2246 ποι
166 2215 302 2246 Dobree
318 2226 325 2245 :
351 2215 466 2247 ἄλλοθί
482 2228 543 2246 που
560 2215 655 2245 codd.
783 2224 802 2253 5
827 2217 1011 2255 διεμετρουν
1029 2215 1052 2245 S
1161 2216 1202 2247 τὰ
1226 2226 1292 2246 om.
1314 2216 1337 2245 F
1349 2215 1378 2253 Q
1395 2215 1424 2244 D

95 2260 116 2288 6
142 2259 327 2298 ἐλάμβανον
345 2258 389 2289 S:
416 2258 635 2297 διελάμβανον
651 2257 741 2295 vulg.
858 2268 874 2296 7
902 2257 968 2297 ἐπὶ]
988 2258 1036 2289 ἔτι
1054 2257 1077 2288 S
1194 2269 1216 2297 9
1235 2259 1303 2299 μοι]
1324 2273 1383 2298 μου
1401 2257 1424 2288 S

96 2315 132 2332 τε
152 2311 216 2332 om.
236 2302 266 2331 A
396 2312 432 2332 12
457 2315 497 2342 ’γε
515 2311 580 2331 om.
598 2301 628 2330 A
762 2310 800 2338 14
824 2303 864 2343 τῇ
882 2300 974 2332 πόλει
992 2301 1016 2331 S
1148 2310 1185 2339 15
1211 2301 1377 2342 ἐξετάζετε
1394 2301 1424 2330 Α

98 2346 136 2373 16
162 2346 205 2376 εἷς
223 2346 333 2383 Θήβας
354 2344 560 2386 Ἀλέξανδρος
579 2343 602 2374 S
618 2344 648 2374 A
666 2356 672 2374 τ
698 2344 744 2376 Ἀ.
763 2345 805 2375 εἰς
823 2344 932 2381 Θήβας
948 2344 1037 2382 vulg.
1188 2345 1226 2374 18
1250 2343 1329 2386 (τὸ)
1349 2345 1423 2374 add.

96 2388 197 2418 Blass
276 2398 314 2427 19
339 2387 453 2430 (ἀντὶ)
467 2390 524 2426 τῆς
544 2387 694 2418 Koehler
770 2387 811 2417 26
835 2390 864 2418 εἴ
876 2386 932 2428 γε]
952 2390 981 2419 εἴ
993 2400 1024 2418 τι
1041 2386 1072 2416 Α
1152 2398 1192 2427 27
1218 2389 1301 2426 ὑμῶν
1320 2387 1383 2425 FQ
1396 2387 1425 2416 D
