1685 2772
85 146 204 202 [849]

166 664 207 699 16

168 1209 208 1243 17

90 1619 106 1673 s
110 1619 209 1673 850]

658 148 1145 186 ΔΗΜΟΣΘΕΝΟΎΣ
1447 143 1563 198 [ΧΧῙΧ

236 259 347 309 δίκην
380 258 645 310 ὀφλισκάνειν
674 258 934 309 βουλόμενος.
1009 256 1054 297 ὃν
1084 257 1152 297 οὐκ
1188 257 1236 297 ἂν
1273 256 1410 307 δήπου,
1435 261 1565 310 ψευδῆ

235 326 450 378 μαρτυρίαι)
487 327 520 366 εἷ
556 325 919 377 παρεσκευαζόμην,
959 323 1149 376 ἐνέγραψ’
1185 323 1234 364 ἂν
1264 326 1318 366 εἷς
1349 324 1439 367 τοὺς
1467 325 1562 377 μάρ-

235 409 365 444 τυρας,
414 393 513 444 ὁρῶν
549 394 623 443 μὲν
669 392 839 446 Ἀφόβῳ
885 392 1092 445 χρώμενον
1138 390 1301 442 μάλιστ’
1348 392 1566 444 ἀνθρώπων

237 458 434 504 ἁπάντων,
462 460 572 501 εἰδὼς
592 461 634 499 δὲ
651 458 878 510 συνεροῦντ’
900 459 1002 513 αὐτῷ
1028 458 1099 508 τὴν
1118 459 1242 508 δίκην,
1264 459 1322 498 ἔτι
1338 458 1372 498 δ’
1399 460 1566 509 ἐμαυτοῦ

236 525 319 567 ὅντ’
344 527 552 566 ἀντίδικον·
601 525 645 565 οὐ
671 527 745 578 γὰρ
772 525 856 578 ἔχει
881 526 1005 577 λόγον
1030 524 1099 565 τὸν
1125 527 1262 565 ἑαυτοῦ
1287 525 1480 578 διάφορον
1504 526 1567 566 καὶ
1586 538 1604 569 5

236 592 375 633 τούτου
401 592 579 645 ἀδελφὸν
603 592 655 644 μὴ
683 594 873 643 ἀληθινῆς
907 592 1118 645 μαρτυρίας
1151 591 1355 644 ἐγγράψαι
1378 592 1567 644 μάρτυρα.

236 659 386 700 τούτων
409 661 540 700 τοίνυν
565 660 644 700 εἰσὶ
669 661 743 710 μὲν
776 659 922 700 πολλοὶ
947 658 1150 711 μάρτυρες,
1178 658 1236 698 ἔτι
1262 658 1295 698 δ’
1319 659 1388 699 οὐκ
1414 659 1566 699 ἐλάττω

236 725 422 780 τεκμήρια
446 731 524 766 τῶν
547 727 766 779 μαρτύρων.
819 730 973 778 πρῶτον
998 728 1071 777 μὲν
1095 724 1183 778 γάρ,
1203 727 1310 777 εἴπερ
1336 726 1387 767 ὡς
1410 726 1568 777 ἀληθῶς

237 797 358 834 ταῦτα
382 793 433 844 μὴ
466 794 750 846 ἐμαρτύρησεν,
779 794 847 834 οὐκ
877 792 924 833 ἂν
958 797 1027 833 νῦν
1058 792 1220 845 ἔξαρνος
1253 791 1313 842 ἦν,
1350 793 1456 833 ἀλλὰ
1484 793 1565 833 τότ’

239 860 349 902 εὐθὺς
376 861 440 901 ἐπὶ
464 864 532 900 τοῦ
557 862 811 912 δικαστηρίου
837 863 905 911 τῆς
920 862 1134 912 μαρτυρίας
1152 859 1565 912 ἀναγιγνωσκομένης,
1590 882 1630 902 10

239 928 353 979 ἡνίκα
376 931 531 978 μᾶλλον
557 927 606 968 ἂν
630 928 747 968 αὐτὸν
772 925 795 978 ἢ
821 931 890 968 νῦν
924 927 1085 980 ὠφέλει.
1158 927 1339 980 δεύτερον
1370 927 1402 968 δ’
1427 927 1495 968 οὐκ
1520 926 1567 968 ἂν

239 995 411 1048 ἡσυχίαν
437 994 544 1047 ἦγεν,
567 996 673 1035 ἀλλὰ
698 996 807 1045 δίκην
837 994 885 1035 ἄν
908 1012 975 1046 μοι
997 994 1163 1047 βλάβης
1183 994 1341 1048 ἔλαχεν,
1364 997 1396 1035 εἷ
1420 997 1566 1047 ψευδο-

239 1063 460 1114 μαρτυρίων
483 1063 669 1102 ὑπόδικον
694 1062 811 1102 αὐτὸν
839 1063 998 1103 ἐποίουν
1023 1064 1121 1102 κατὰ
1146 1062 1349 1112 τάδελφοῦ
1372 1062 1417 1102 οὐ
1442 1079 1565 1113 προσ-

240 1131 349 1179 ῆκον,
376 1130 419 1169 ἐν
446 1127 473 1184 ᾗ
508 1129 571 1169 καὶ
599 1129 687 1181 περὶ
723 1129 936 1183 χρημάτων
968 1129 1032 1169 καὶ
1060 1129 1148 1181 περὶ
1185 1130 1340 1179 ἀτιμίας
1370 1129 1571 1182 ἄνθρωποι

241 1196 544 1236 κινδυνεύουσιν.
617 1197 676 1236 ἔτι
721 1198 764 1237 δὲ
810 1196 854 1236 τὸ
901 1196 1047 1248 πρᾶγμ’
1089 1195 1136 1236 ἂν
1185 1195 1391 1247 ἐξελέγξαι
1432 1197 1566 1246 ζητῶν,
1591 1215 1629 1247 15

241 1261 433 1320 ἐξῄτησεν
458 1262 506 1303 ἄν
530 1280 579 1314 με
602 1262 672 1303 τὸν
692 1266 813 1304 παῖδα
837 1263 905 1303 τὸν
935 1262 1142 1315 γράφοντα
1167 1264 1236 1304 τὰς
1267 1264 1492 1315 μαρτυρίας,
1519 1262 1568 1303 ἵν’

241 1331 275 1370 εἰ
309 1329 364 1381 μὴ
400 1331 645 1382 παρεδίδουν,
683 1332 805 1381 μηδὲν
839 1331 988 1370 δίκαιον
1024 1330 1159 1381 λέγειν
1189 1330 1361 1370 ἐδόκουν.
1432 1333 1501 1370 νῦν
1526 1331 1569 1370 δὲ

240 1397 435 1437 τοσούτου
459 1398 626 1447 ποιῆσαί
649 1414 686 1436 τι
710 1397 860 1437 τούτων
886 1397 1063 1447 ἐδέησεν,
1098 1395 1193 1436 ὥστ’
1219 1396 1298 1437 οὐδ’
1325 1398 1418 1447 ἐμοῦ
1443 1413 1566 1448 παρα-

240 1464 428 1510 διδόντος,
468 1464 602 1514 ἐπειδὴ
635 1463 739 1504 ταῦτ’
769 1463 931 1516 ἔξαρνος
969 1463 1117 1516 ἐγένεθ’
1155 1464 1280 1509 οὗτος,
1318 1467 1570 1515 παραλαβεῖν

240 1530 453 1581 ἠθέλησεν,
475 1530 565 1570 ἀλλ’
592 1532 733 1582 ὁμοίως
759 1532 970 1583 φαίνονται
995 1532 1058 1572 καὶ
1074 1532 1162 1583 περὶ
1179 1531 1328 1571 τούτων
1352 1530 1570 1583 φεύγοντες
1591 1549 1630 1571 20

241 1599 311 1639 τὰς
334 1598 551 1649 βασάνους.
625 1599 687 1638 καὶ
723 1598 829 1638 ταῦθ’
856 1598 905 1639 ὡς
932 1599 1060 1648 ἀληθῆ
1095 1597 1215 1649 λέγω,
1243 1599 1306 1638 καὶ
1343 1598 1384 1638 ἔν
1417 1615 1459 1638 τε
1487 1601 1570 1639 τοῖς

240 1664 435 1716 μάρτυσιν
468 1666 770 1717 μεμαρτυρηκὼς
799 1662 971 1717 [Αἴσιος]
997 1664 1065 1704 οὐκ
1094 1664 1240 1715 ἠρνήθη
1270 1664 1377 1704 ταῦτ’
1407 1665 1471 1705 ἐπὶ
1502 1669 1570 1705 τοῦ

243 1732 493 1784 δικαστηρίου
517 1732 640 1786 τούτῳ
663 1732 920 1783 παρεστηκὼς
944 1735 1013 1782 τῆς
1031 1732 1244 1784 μαρτυρίας
1270 1732 1566 1784 ἀναγιγνωσκο-

241 1797 375 1849 μένης,
402 1800 496 1850 ἐμοῦ
531 1798 564 1838 τ’
591 1800 812 1841 ἐκδιδόντος
848 1798 917 1839 τὸν
942 1802 1063 1839 παῖδα
1087 1799 1176 1850 περὶ
1213 1798 1397 1839 ἁπάντων
1421 1799 1569 1839 τούτων

242 1866 476 1915 βασανίζειν
513 1865 643 1907 αὐτοῖς
679 1866 747 1905 οὐκ
781 1865 955 1916 ἠθέλησε
991 1869 1254 1918 παραλαβεῖν,
1287 1865 1370 1905 καθ’
1399 1866 1569 1906 ἕκαστον
1590 1882 1629 1914 25

242 1933 332 1983 ὑμῖν
358 1931 576 1984 παρέξομαι
595 1932 685 1974 τοὺς
709 1932 917 1985 μάρτυρας.
981 1934 1046 1973 καί
1067 1950 1134 1984 μοι
1159 1932 1271 1973 κάλει
1290 1933 1391 1984 δεῦρ’
1417 1933 1568 1974 αὐτούς.

286 2052 305 2071 2
330 2042 451 2082 ἔγραψα
469 2044 506 2074 ἂν
526 2042 550 2071 F
565 2042 594 2071 D
729 2044 793 2081 5—6
819 2044 870 2075 καὶ
888 2067 895 2074 .
917 2067 923 2074 .
943 2067 950 2074 .
971 2044 1110 2083 ἀδελφὸν
1131 2053 1194 2072 om.
1215 2042 1246 2072 A
1377 2053 1414 2081 13
1438 2056 1520 2075 κατα
1539 2041 1570 2074 τ’

244 2087 383 2125 αδελφου
400 2086 478 2124 (sic)
498 2086 521 2115 S
538 2097 545 2116 x
569 2086 651 2118 κατὰ
667 2088 725 2117 τοῦ
742 2087 789 2118 ἀδ.
811 2087 836 2116 F
850 2087 900 2117 D:
924 2086 995 2119 κατ’
1014 2088 1060 2118 ᾰδ.
1081 2085 1112 2115 Α
1128 2097 1134 2116 :
1159 2086 1238 2116 secl.
1261 2085 1359 2116 Bxass
1531 2096 1568 2124 14

243 2128 385 2158 alterum
404 2130 473 2170 περὶ
492 2139 554 2159 om.
575 2129 605 2158 A
725 2131 764 2159 16
789 2129 947 2169 ἐζήτησεν
965 2130 1029 2161 SA
1137 2140 1173 2168 17
1197 2130 1240 2169 μὴ
1258 2140 1323 2160 om.
1344 2130 1369 2159 F
1385 2129 1413 2159 D
1530 2131 1569 2160 18
1613 2165 1616 2167 ,

245 2171 403 2203 τοσούτου
419 2171 528 2202 Cobet
541 2172 581 2203 N.
600 2172 636 2204 L.
657 2183 687 2211 p.
705 2183 788 2212 529:
815 2177 953 2205 τοσοῦτο
970 2177 1028 2205 τοῦ
1046 2173 1140 2204 codd.
1271 2176 1516 2213 παραδιδουντος
1531 2172 1568 2204 S¹

243 2225 285 2245 22
309 2217 417 2247 Αἴσιος
440 2220 516 2254 post
536 2218 784 2258 μεμαρτυρηκὼς
807 2217 882 2247 add.
904 2217 928 2246 F
943 2229 1014 2258 γρ.;
1044 2221 1120 2256 post
1143 2216 1301 2257 μάρτυσιν
1321 2216 1345 2247 S
1365 2227 1469 2248 corn:
1502 2227 1568 2248 om.

244 2256 283 2287 Sl
294 2256 324 2287 A
337 2258 362 2287 F
375 2258 404 2288 D
493 2259 629 2300 ἠρνήθη]
647 2260 766 2300 ἠρνήθη
782 2274 819 2291 τε
840 2260 863 2290 S
998 2271 1039 2300 23
1062 2259 1184 2300 τούτῳ]
1198 2259 1317 2292 τούτου
1332 2260 1357 2291 S
1374 2274 1425 2302 γρ.
1448 2260 1566 2290 Fcorr.

245 2309 285 2339 25
309 2302 403 2333 αὐτὸς
420 2301 443 2331 S
462 2312 545 2332 corr.
568 2304 598 2341 (o
615 2303 648 2333 in
669 2303 690 2333 ii
708 2303 770 2334 litt.
791 2305 873 2343 raS.)
1026 2304 1166 2343 ἠθέλησε
1184 2302 1250 2334 SA
1265 2316 1271 2337 ε
1296 2303 1462 2342 ἠθέλησαν
1477 2304 1567 2343 vulg.

244 2349 322 2375 ante
341 2345 524 2385 Reiskium,
548 2346 711 2379 Schaesez
