1685 2772
97 92 222 146 [948]

182 358 223 381 12

181 896 223 931 13

178 1589 219 1624 14

90 1974 213 2029 [949]

681 100 1170 137 ΔΗΜΟΣΘΕΝΟὙΣ
1439 97 1589 151 [ΧΧΧνῙ

256 210 277 260 ἡ
304 209 336 249 δ’
362 211 531 263 ἐργασία
555 210 776 262 προσόδους
813 208 950 262 ἕχουσ’
978 209 1247 251 ἐπικινδύνους
1273 210 1350 250 ἀπὸ
1375 209 1591 262 χρημάτων

257 278 491 330 ἀλλοτρίων.

324 347 470 385 Πολλὰ
495 345 529 385 δ’
555 345 602 385 ἄν
621 362 680 386 τις
707 343 792 397 ἔχοι
817 342 952 395 λέγειν
979 344 1042 384 καὶ
1062 344 1327 385 ἐπιδεικνύναι
1353 349 1498 395 σημεῖα
1521 349 1591 385 τοῦ

255 416 391 452 τοῦτον
417 416 683 464 συκοφαντεῖν
709 410 938 463 ἐγκαλοῦντ’
966 410 1164 463 ἀφορμήν.
1225 411 1318 451 ἀλλ’
1345 412 1452 462 οἶμαι
1475 411 1587 464 μέγι-

257 495 352 518 στον
387 478 459 530 μέν
498 480 608 518 ἐστιν
646 477 832 519 ἁπάντων
868 477 1076 530 τεκμήριον
1111 481 1179 518 τοῦ
1213 478 1407 529 μηδεμίαν
1442 483 1589 530 λαβεῖν

256 546 440 598 ἀφορμὴν
474 547 528 587 εἰς
560 549 683 585 ταῦτα
713 544 868 585 τουτονὶ
901 545 947 585 τὸ
976 546 1018 585 ἐν
1051 551 1098 601 τῇ
1133 545 1334 595 μισθώσει
1363 545 1590 597 γεγράφθαι

256 614 579 665 προσοφείλοντα
605 612 672 652 τὸν
700 611 881 652 Πασίων’
908 612 972 651 ἐπὶ
997 611 1069 661 τὴν
1100 611 1308 664 τράπεζαν,
1336 611 1381 651 οὗ
1406 612 1589 652 δεδωκότ’

256 679 440 732 ἀφορμὴν
473 680 609 734 τούτῳ,
646 679 830 731 δεύτερον
857 681 899 718 δὲ
929 678 975 718 τὸ
1008 683 1147 719 τοῦτον
1182 680 1223 719 ἐν
1259 685 1306 736 τῇ
1337 686 1436 736 νομῇ
1464 682 1589 730 μηδὲν

257 748 499 799 ἐγκαλοῦντα
516 747 746 799 φαίνεσθαι,
766 747 898 798 τρίτον
919 745 966 792 δ’,
989 747 1048 786 ὅτι
1073 749 1230 798 μισθῶν
1247 745 1396 798 ἑτέροις
1421 747 1590 799 ὕστερον

255 814 376 854 ταύτὰ
392 817 511 854 ταῦτα
525 818 593 853 τοῦ
612 815 702 854 ἴσου
719 814 906 866 ἀργυρίου
921 813 965 853 οὐ
982 812 1207 867 φανήσεται
1223 815 1590 866 προσμεμισθωκὼς

255 883 357 922 ἰδίαν
383 880 579 934 ἀφορμήν.
654 882 780 921 καίτοι
805 883 850 928 εἰ,
878 880 926 931 ἣν
950 882 971 921 ὁ
997 880 1122 932 πατὴρ
1143 880 1360 934 παρέσχεν,
1382 881 1458 921 ὑπὸ
1483 875 1585 921 τοῦδ’

255 949 524 1001 ἀπεστερεῖτο,
545 948 664 989 αὐτὸν
680 953 748 989 νῦν
765 951 966 1001 προσῆκεν
983 950 1147 990 ἐκείνοις
1165 947 1340 989 ἄλλοθεν
1366 949 1587 1000 πορίσαντα

255 1016 476 1056 δεδωκέναι.
552 1016 602 1058 ὡς
630 1017 764 1057 τοίνυν
795 1015 902 1056 ταῦτ’
941 1017 1070 1067 ἀληθῆ
1101 1014 1222 1068 λέγω,
1263 1015 1324 1055 καὶ
1362 1015 1587 1066 ἐμίσθωσεν

253 1084 421 1136 ὕστερον
443 1083 596 1125 Ξένωνι
616 1084 679 1124 καὶ
702 1084 892 1138 Εὐφραίῳ
918 1084 980 1123 καὶ
997 1083 1179 1135 Εὔφρονι
1197 1082 1260 1123 καὶ
1278 1082 1584 1137 Καλλιστράτῳ,

255 1151 317 1191 καὶ
342 1151 431 1192 οὐδὲ
455 1151 606 1193 τούτοις
635 1150 858 1202 παρέδωκεν
885 1152 987 1191 ἰδίαν
1009 1149 1208 1203 ἀφορμήν,
1237 1151 1345 1190 ἀλλὰ
1369 1151 1439 1191 τὰς
1459 1167 1583 1202 παρα-

253 1217 473 1269 καταθήκας
500 1219 562 1258 καὶ
581 1217 653 1268 τὴν
678 1217 756 1258 ἀπὸ
771 1219 921 1258 τούτων
941 1219 1131 1270 ἐργασίαν
1149 1217 1270 1267 αὐτὴν
1290 1217 1580 1268 ἐμισθώσαντο,

250 1284 359 1336 λαβέ
381 1303 448 1336 μοι
471 1285 543 1336 τὴν
579 1285 731 1325 τούτων
761 1286 992 1338 μαρτυρίαν,
1031 1285 1093 1324 καὶ
1119 1284 1170 1325 ὡς
1195 1283 1240 1324 τὸ
1267 1285 1584 1336 ἀσπιδοπηγεῖον

252 1353 395 1392 εἵλετο.

811 1492 1020 1520 ΜΑΡΤὟῬῙΑ.

320 1575 626 1627 Μεμαρτύρηται
653 1575 728 1624 μὲν
757 1574 889 1613 τοίνυν
922 1573 1026 1622 ὑμῖν,
1054 1569 1084 1612 ὦ
1115 1572 1254 1625 ἄνδρες
1281 1572 1496 1624 Ἀθηναῖοι,
1524 1576 1585 1616 ὅτι

252 1642 314 1682 καὶ
349 1642 500 1684 τούτοις
538 1641 770 1692 ἐμίσθωσαν
809 1640 871 1680 καὶ
909 1639 953 1678 οὐ
991 1638 1222 1690 παρέδωκαν
1259 1641 1361 1680 ἰδίαν
1398 1642 1583 1694 ἀφορμὴν

251 1709 446 1760 οὐδεμίαν,
476 1710 538 1749 καὶ
564 1706 794 1759 ἐλευθέρους
820 1707 997 1758 ἀφεῖσαν
1023 1706 1073 1747 ὡς
1098 1704 1242 1759 μεγάλ’
1258 1708 1299 1747 εὖ
1325 1709 1580 1755 πεπονθότες,

251 1776 312 1816 καὶ
347 1776 414 1816 οὐκ
450 1774 662 1825 ἐδικάζοντ’
688 1773 767 1814 οὔτ’
795 1774 959 1814 ἐκείνοις
989 1772 1069 1813 τότ’
1102 1774 1190 1814 οὕτε
1219 1774 1356 1828 τούτῳ.
1427 1774 1473 1816 ὃν
1508 1776 1580 1826 μὲν

249 1844 380 1883 τοίνυν
404 1844 550 1896 χρόνον
575 1843 597 1893 ἡ
624 1841 750 1892 μήτηρ
786 1840 862 1890 ἔζη,
891 1840 914 1890 ἡ
950 1839 1064 1880 πάντ’
1102 1841 1277 1892 ἀκριβῶς
1309 1841 1416 1882 ταῦτ’
1444 1844 1578 1887 εἰδυῖα,

248 1910 361 1950 οὐδὲν
397 1910 576 1962 ἔγκλημα
612 1907 761 1949 πώποτ’
800 1906 1016 1957 ἐποιήσατο
1058 1907 1154 1959 πρὸς
1189 1909 1343 1948 τουτονὶ
1382 1910 1581 1961 Φορμίων’

248 1976 567 2029 Ἀπολλόδωρος·
606 1977 656 2018 ὡς
682 1975 714 2016 δ’
740 1975 1002 2025 ἐτελεύτησεν
1033 1976 1176 2025 ἐκείνη,
1204 1978 1431 2029 τρισχιλίας
1463 1978 1576 2029 ἐγκα-

291 2097 310 2124 4
336 2087 540 2127 συκοφάντην
561 2087 598 2118 5¹
696 2088 840 2129 ἀφορμήν
867 2087 891 2118 S
918 2088 1082 2127 (e’yth'ma
1107 2096 1188 2117 sscr.
1223 2097 1265 2116 rn.
1297 2086 1400 2119 τᾶσδε
1426 2087 1579 2129 Φορμίωνι

246 2130 335 2168 vulg.
468 2132 489 2160 6
512 2132 639 2163 τουτονὶ
658 2132 681 2162 S
695 2131 726 2161 A
743 2143 749 2161 ε
774 2134 891 2163 τοῦτον
907 2131 996 2168 vulg.
1113 2131 1132 2159 8
1158 2132 1195 2160 τὸ
1211 2140 1277 2160 om.
1299 2129 1335 2160 5¹
1355 2130 1404 2170 (in
1418 2140 1482 2169 mg.
1499 2131 1575 2162 add.

1609 495 1628 528 <1⁸

1610 833 1651 856 10

1607 1166 1648 1201 15

1605 1597 1646 1618 20

1602 1924 1639 1955 25

247 2174 319 2204 cad.
338 2174 396 2213 m.)
417 2174 446 2212 Q
460 2175 488 2204 D
577 2174 692 2214 μηδὲν]
710 2174 791 2214 μηδὲ
810 2175 834 2205 S
949 2185 970 2213 9
994 2176 1127 2213 ὕστερον
1142 2184 1207 2204 om.
1227 2173 1252 2203 F
1265 2173 1295 2212 Q
1414 2184 1453 2203 10
1476 2175 1578 2207 ταύτὰ
1603 2186 1606 2189 “

246 2228 310 2248 om,
325 2217 357 2246 A
417 2218 578 2259 ἀργυρίου]
593 2219 763 2260 μαρτυρίου
780 2217 816 2249 Sl
880 2220 914 2250 οὐ
928 2216 990 2249 orrf.
1009 2218 1033 2247 F
1045 2217 1074 2256 Q
1090 2217 1119 2247 D
1214 2227 1251 2246 12
1269 2218 1479 2259 ἀπεστερεῖτο
1490 2218 1554 2248 SA
1568 2229 1575 2249 2

247 2262 457 2302 ἀποστεροῖτο
476 2262 563 2300 FQ:
591 2262 795 2303 ἀπεστέρητο
816 2261 845 2290 D
976 2262 1106 2292 ἐκείνοις
1123 2271 1189 2291 om.
1211 2260 1277 2298 FQ
1294 2261 1323 2291 D
1453 2263 1491 2291 16
1515 2263 1576 2293 ἀπὸ

245 2314 310 2335 om.
328 2304 359 2333 A
436 2307 657 2345 ἐμισθώσαντο
676 2305 700 2335 S
715 2304 758 2335 Al
775 2316 781 2334 :
808 2306 1010 2344 ἐμισθώσατο
1027 2304 1115 2342 vulg.
1189 2305 1292 2342 17-18
1317 2305 1367 2336 καὶ
1386 2329 1393 2335 .
1412 2329 1419 2335 .
1442 2329 1449 2336 .
1468 2306 1576 2336 εἵλετο

245 2347 306 2378 del.
329 2348 494 2379 Schaefer
627 2359 669 2379 20
692 2348 751 2387 μὲν
767 2348 890 2385 τοίνυνἹ
909 2348 1017 2388 μέντοι
1034 2347 1065 2377 Α
1198 2358 1239 2377 22
1263 2346 1294 2379 τ’
1311 2349 1449 2389 ἀφεῖσαν
1465 2348 1576 2387 FQD

245 2402 284 2430 24
308 2395 411 2425 ταῦτα
430 2398 505 2429 post
525 2394 661 2434 ἀκριβῶς
681 2392 704 2422 S
720 2403 727 2422 :
752 2398 828 2431 post
845 2392 950 2423 πάντα
966 2391 996 2421 Α
1013 2403 1019 2421 ;
1044 2396 1120 2431 post
1138 2392 1236 2423 εἰδυῖα
1253 2391 1344 2431 vulg.
