1685 2772
174 99 359 154 xxxvffl]
524 105 684 142 ΠΡΟΣ
722 103 1143 142 ΝΑΎΣΙΜΑΧΟΝ

172 216 215 255 ἐκ
240 218 318 255 τῶν
341 215 497 267 χρόνων
522 214 584 255 καὶ
609 218 687 254 τῶν
701 217 922 266 μαρτυριῶν
947 214 1037 264 ὑμῖν
1061 212 1242 265 γέγονεν.
1302 211 1503 264 βούλομαι

172 283 304 322 τοίνυν
338 282 400 322 καὶ
429 282 535 323 ὅλως
565 280 836 334 ψευδομένους
871 279 1011 322 αὐτοὺς
1040 281 1137 319 ὅλον
1170 278 1215 319 τὸ
1248 278 1395 331 πρᾶγμ’
1418 280 1502 319 ε’πι-

172 348 309 399 δεῖξαι.
368 348 475 388 οὗτοι
490 350 568 400 γὰρ
591 347 846 400 γεγράφασιν
872 348 928 389 εἷς
951 346 972 387 ὃ
993 350 1062 387 νῦν
1082 346 1263 398 ἔγκλημα
1282 345 1502 390 διώκουσιν,

171 415 352 467 ὀφείλειν
397 415 498 466 ἡμᾶς
538 418 582 454 τὸ
621 415 806 467 ἀργύριον
845 413 1113 465 κομισαμένου
1152 416 1221 453 τοῦ
1259 411 1404 465 πατρὸς
1444 412 1505 452 καὶ

133 499 150 528 5
171 482 416 534 παραδόντος
441 482 572 523 αὐτοῖς
590 485 704 521 τοῦτο
729 481 773 522 τὸ
790 481 917 534 χρέως
941 482 984 521 ἐν
1001 484 1053 535 τῷ
1072 480 1182 534 λόγῳ
1203 482 1272 530 τῆς
1293 480 1505 531 ἐπιτροπῆς

170 549 449 602 ὀφειλόμενον.
520 549 588 590 καί
606 564 676 600 μοι
695 548 782 601 λέγ’
810 548 904 589 αὐτὸ
929 547 975 588 τὸ
1001 548 1181 600 ἔγκλημα
1203 546 1359 596 λαβών.

734 680 940 707 ΕΓΚΛΗΜΑ.

237 759 421 799 Ἀκούετε
447 758 720 812 γεγραμμένον
746 760 789 799 ἐν
806 763 859 813 τῷ
881 757 1138 811 ἐγκληματι*
1154 759 1434 811 παραδόντος’
1418 759 1504 810 εμοὶ

170 830 239 866 τοῦ
262 826 551 879 Ἀρισταίχμου
565 829 609 865 τὸ
628 824 757 878 χρέως
782 827 824 866 ἐν
844 829 896 880 τῷ
912 826 1021 880 λόγῳ
1038 828 1108 876 τῆς
1133 824 1370 877 ἐπιτροπης’
1374 857 1382 866 .
1438 826 1504 865 ὅτε

1538 89 1659 145 [988]

1538 769 1577 806 15

114 907 153 929 10
171 894 303 933 τοίνυν
332 891 560 946 ἐλάγχανον
595 897 648 947 τῷ
681 909 800 946 πατρι
830 895 899 943 τῆς
927 909 1154 944 επιτροπης,
1181 891 1357 932 τάναντί’
1386 891 1501 944 ε’γρά-
1534 883 1658 939 [989]

170 963 303 1012 ψαντο
322 959 483 1000 τούτων·
523 959 574 1001 ὡς
592 961 667 1011 γὰρ
694 959 763 999 οὐκ
787 960 977 1000 ἀποδόντι
989 960 1115 1011 λόγον
1140 958 1219 999 τότ’
1245 961 1503 1011 ἐγκαλοῦντες

505 1025 514 1040 Ι
543 1025 553 1040 5
607 1025 616 1039 5
651 1025 660 1039 N

172 1027 395 1079 φαίνονται.
466 1031 541 1078 λεγ
573 1042 665 1066 αυτο
691 1025 737 1066 τὸ
760 1025 954 1078 ἔγκλημα,
981 1024 1001 1065 ὃ
1026 1025 1107 1065 τότ’
1129 1025 1277 1078 ἔλαχον
1295 1030 1348 1081 τῷ
1373 1027 1502 1077 πατρί.

733 1157 940 1183 ΕΓΚΛΗΜΑ.

238 1237 310 1278 Ἐν
335 1239 434 1292 ποίῳ
458 1237 504 1287 δὴ
529 1237 637 1291 λόγῳ
663 1240 731 1277 νῦν
757 1237 955 1288 ἐγκαλεῖθ’
982 1237 1033 1278 ὡς
1059 1236 1296 1289 παρέδωκεν,
1323 1236 1352 1277 ὦ
1380 1239 1502 1278 Ξενο-

113 1323 150 1354 15
172 1306 287 1355 πείθη
310 1304 375 1345 καὶ
398 1305 659 1356 Ναυσίμαχε;
697 1303 789 1344 τότε
811 1305 884 1355 μὲν
909 1305 984 1356 γὰρ
1011 1304 1063 1346 ὡς
1089 1303 1157 1343 οὐκ
1185 1305 1371 1344 ἀποδόντι
1396 1305 1504 1346 δίκας

173 1370 420 1424 ἐλαγχάνετε
454 1370 517 1410 καὶ
553 1369 723 1423 χρήματ’
753 1369 1010 1422 ἐπράττεσθε.
1083 1372 1117 1411 εἰ
1154 1370 1186 1411 δ’
1221 1370 1281 1412 ἐπ’
1311 1370 1503 1424 ἀμφότερ’

173 1437 290 1478 ἔσται
317 1441 584 1490 συκοφαντεῖν
616 1438 720 1488 ὑμῖν,
749 1438 811 1478 καὶ
840 1439 931 1478 τοτὲ
965 1440 1037 1489 μὲν
1072 1441 1141 1477 τοῦ
1175 1437 1227 1489 μὴ
1263 1440 1504 1490 παραδοῦναι

173 1504 340 1558 χρήματ’
367 1503 604 1556 ἐπράξασθε,
636 1506 726 1545 τοτὲ
758 1504 791 1543 δ’
826 1505 878 1546 ὡς
910 1506 1157 1556 παραδόντος
1187 1505 1357 1550 διώκετε,
1392 1505 1503 1545 οὐδὲν

174 1572 318 1612 κωλύει
344 1573 406 1612 καὶ
429 1573 563 1623 τρίτον
588 1587 627 1611 τι
651 1574 817 1611 σκοπεῖν
839 1574 939 1623 μετὰ
969 1575 1102 1617 ταῦτα,
1131 1572 1221 1611 ὅτου
1247 1571 1369 1611 πάλιν
1394 1571 1498 1611 δικά-

115 1657 154 1678 20
174 1640 312 1679 σεσθε.
384 1639 421 1679 οἱ
444 1639 558 1689 νόμοι
583 1637 616 1677 δ’
638 1638 681 1677 οὐ
701 1641 823 1678 ταῦτα
838 1638 1043 1692 λέγουσιν,
1064 1638 1156 1678 ἀλλ’
1183 1638 1292 1689 ἅπαξ
1313 1638 1401 1690 περὶ
1424 1642 1502 1679 τῶν

172 1705 302 1745 αὐτῶν
326 1704 425 1757 πρὸς
447 1704 516 1745 τὸν
541 1703 659 1745 αὐτὸν
683 1704 783 1745 εἶναι
807 1707 876 1747 τὰς
901 1706 1021 1747 δίκας.

233 1770 324 1812 Ἵνα
345 1773 476 1813 τοίνυν
503 1771 633 1822 εἰδῆτ’,
659 1769 690 1811 ὦ
726 1771 864 1823 ἄνδρες
893 1773 1089 1818 δικασταί,
1116 1772 1178 1812 ὅτι
1206 1772 1251 1812 οὗ
1278 1772 1401 1822 μόνον
1432 1772 1501 1812 οὐκ

173 1839 396 1879 ἀδικοῦνται
420 1842 501 1885 νῦν,
523 1839 630 1879 ἀλλὰ
656 1839 719 1879 καὶ
743 1841 849 1891 παρὰ
873 1839 1022 1880 πάντας
1047 1839 1142 1890 ἡμῖν
1167 1837 1388 1888 δικάζονται
1411 1839 1502 1880 τοὺς

173 1907 328 1957 νόμους,
357 1906 559 1956 βούλομαι
583 1905 648 1946 καὶ
671 1909 809 1946 τοῦτον
841 1907 931 1957 ὑμῖν
960 1905 1029 1946 τὸν
1063 1907 1183 1957 νόμον
1218 1907 1356 1952 εἰπεῖν,
1390 1906 1502 1947 ὅστις

116 1989 153 2022 ²5
174 1971 384 2025 διαρρήδην
401 1972 527 2025 λέγει,
554 1973 622 2012 ἐὰν
649 1972 757 2013 πέντ’
784 1972 849 2023 ἔτη
878 1972 1056 2029 παρέλθῃ
1084 1974 1145 2013 καὶ
1169 1972 1221 2024 μὴ
1248 1972 1499 2018 δικάσωνται,

222 2093 256 2114 11
282 2083 422 2123 τούτων]
440 2083 543 2123 τούτῳ
562 2082 586 2113 S
719 2081 790 2114 τότ’
807 2082 941 2122 Sauppe
959 2094 966 2113 :
991 2084 1041 2115 καὶ
1058 2083 1128 2114 τότ’
1146 2082 1170 2113 S
1189 2095 1196 2113 τ
1220 2083 1270 2115 καὶ
1294 2085 1391 2114 τοῦτο
1410 2082 1500 2121 vulg.

176 2127 320 2167 (add.·ye
338 2127 386 2165 Α)
493 2136 531 2156 12
556 2125 637 2167 λέγε
655 2126 678 2156 S
695 2137 703 2156 t
726 2126 805 2167 λέγε
823 2126 856 2157 δὲ
874 2126 960 2164 vulg.
1042 2125 1110 2157 τότ’
1130 2126 1152 2156 S
1166 2126 1216 2156 D:
1241 2137 1306 2157 om.
1322 2126 1375 2157 A:
1398 2126 1431 2156 in
1446 2139 1498 2166 γρ.

175 2169 302 2200 habent
320 2169 387 2207 FQ
515 2180 552 2207 14
577 2172 632 2201 νῦν
649 2179 714 2200 om.
731 2168 763 2199 A
884 2179 921 2208 15
945 2169 1022 2201 τότε
1041 2169 1064 2199 S
1085 2174 1152 2207 (me
1169 2169 1293 2209 teste):
1319 2171 1393 2201 τοτὲ
1409 2169 1498 2208 vulg.

177 2214 389 2251 (correxerat
408 2213 602 2252 Rehdantz)
707 2212 857 2244 ἀποδόντι
875 2212 898 2242 S
914 2223 921 2242 :
946 2212 1129 2244 ἀποδιδόντι
1145 2213 1233 2251 vulg.
1255 2215 1304 2252 (et
1321 2215 1337 2250 §
1358 2222 1394 2251 15
1411 2211 1499 2250 AQ)

179 2257 218 2286 16
242 2261 318 2295 post
336 2257 537 2296 ἐπράττεσθε
551 2256 628 2286 add.
645 2254 724 2287 τοτὲ
740 2255 768 2287 δ’
786 2257 826 2288 ὡς
842 2256 1039 2295 παραδόντος
1057 2257 1188 2287 διώκετε
1201 2255 1291 2295 vulg.
1308 2267 1316 2286 ε
1340 2266 1404 2286 om.
1423 2254 1446 2285 S
1458 2255 1500 2292 A,

175 2299 242 2330 del.
259 2299 441 2329 Rehdantz
514 2299 552 2329 18
578 2299 753 2340 ἐπράξασθε
771 2298 795 2329 S
812 2309 820 2329 τ
843 2299 999 2340 πράξεσθε
1012 2299 1102 2337 vulg.
1172 2299 1302 2330 διώκετε
1318 2298 1501 2329 Schaefer:

175 2344 303 2383 διώξετε
327 2343 425 2376 codd.
610 2353 650 2381 19
674 2341 790 2374 κωλύει
815 2341 849 2379 S,
874 2341 915 2372 cf.
945 2342 1025 2381 Lys.
1050 2342 1132 2371 xxiv
1160 2352 1220 2380 13:
1252 2342 1389 2374 κωλύσει
1414 2341 1500 2380 vulg.

174 2397 216 2416 20
238 2387 357 2428 ταῦτα]
374 2390 470 2419 τοῦτο
489 2387 518 2417 D
655 2396 695 2424 24
721 2387 810 2418 ὅστις
827 2385 923 2416 codd.
944 2396 950 2415 :
974 2387 1008 2417 ὃς
1027 2384 1132 2423 Blass,
1153 2386 1211 2415 sed
1229 2386 1268 2417 cs.
1289 2387 1336 2423 §6

1537 1244 1579 1279 16

1535 1789 1575 1823 17
