1685 2772
107 100 260 155 xxxm]
459 105 620 144 ΠΡΟΣ
667 105 1075 143 ΑΠΑΤΟΎΡΙΟΝ
1469 92 1588 148 [894]

103 219 174 257 τοῦ
206 214 499 268 Παρμένοντος,
536 217 598 257 καὶ
626 218 699 259 τὰς
726 219 828 269 τρεῖς
857 216 903 258 ἃς
931 214 1171 269 προειλήφει
1203 216 1316 258 οὗτος
1346 215 1436 269 παρ’

105 284 267 329 ἐκείνου,
296 283 723 336 ἀνθομολογησάμενος
748 283 844 335 πρὸς
869 286 1020 331 τοῦτον,
1041 283 1147 333 ὠνὴν
1165 287 1349 334 ποιοῦμαι
1366 286 1436 334 τῆς

103 350 202 392 νεὼς
231 350 293 390 καὶ
318 354 395 390 τῶν
420 352 584 397 παίδων,
611 351 683 393 ἕως
709 351 874 401 ἀποδοίη
898 349 968 392 τάς
993 368 1035 391 τε
1061 349 1155 390 δέκα
1182 353 1281 401 μνᾶς
1309 351 1354 392 ἃς
1384 350 1434 390 δι’

105 418 199 468 ἐμοῦ
225 417 387 468 ἔλαβεν,
415 418 477 457 καὶ
502 420 573 459 τὰς
594 417 802 470 τριάκοντα
829 419 886 457 ὧν
916 417 1161 469 κατέστησεν
1191 418 1259 468 ἐμὲ
1289 418 1430 470 ἐγγυη-

65 483 175 534 5τῆν
215 485 268 539 τῷ
302 485 524 542 τραπεζίτῃ.
597 485 659 525 καὶ
702 485 752 527 ὡς
795 485 922 535 ἀληθῆ
964 484 1085 539 λέγω,
1125 484 1321 525 ἀκούσατε
1355 488 1434 525 τῶν
1466 480 1584 537 [895]

103 555 335 604 μαρτυριῶν.

660 675 887 702 ΜΑΡΤΤΡΙΑῙ.

169 754 252 796 Τὸν
279 756 351 807 μὲν
379 755 526 806 τρόπον
556 757 694 794 τοῦτον
719 752 953 804 ἀπήλλαξεν
983 753 1073 795 τοὺς
1105 753 1285 807 χρήστας
1310 753 1434 796 Ἀπα-
1469 771 1490 804 9

102 821 256 872 τούριος
301 822 448 862 οὑτοσί.
522 821 567 862 οὐ
612 824 752 875 πολλῷ
795 822 838 861 δὲ
881 821 1011 875 χρόνῳ
1059 822 1158 872 μετὰ
1202 824 1324 862 ταῦτα
1368 824 1437 872 τῆς

46 906 86 929 10
104 887 296 941 τραπέζης
320 889 701 938 ἀνασκευασθείσης,
731 887 793 927 καὶ
817 890 886 927 τοῦ
909 886 1172 939 ξΗρακλείδου
1199 888 1280 928 κατ’
1312 889 1436 942 ἀρχὰς

106 954 380 1007 κεκρυμμένου,
412 955 666 1006 ἐπιβουλεύει
697 955 834 994 οὑτοσὶ
864 954 955 996 τούς
985 971 1028 995 τε
1060 958 1201 996 παῖδας
1233 954 1436 1008 ἐκπέμψαι

104 1020 323 1072 Ἀθήνηθεν
357 1022 418 1062 καὶ
452 1021 523 1072 τὴν
560 1025 653 1062 ναῦν
690 1020 896 1073 ἐξορμίσαι
932 1022 974 1061 ἐκ
1011 1025 1079 1061 τοῦ
1111 1021 1284 1073 λιμένος.
1345 1023 1437 1063 ὅθεν

104 1088 191 1140 ἐμοὶ
209 1091 306 1141 πρὸς
324 1092 460 1129 τοῦτον
478 1089 501 1140 ἡ
528 1089 659 1141 πρώτη
680 1089 851 1141 διαφορὰ
877 1087 1047 1140 ἐγένετο.
1101 1089 1338 1139 αἰσθόμενος
1362 1091 1438 1142 γὰρ

105 1155 126 1195 ὁ
151 1154 374 1207 Παρμένων
400 1155 648 1208 ἐξαγομένων
673 1159 751 1196 τῶν
770 1155 920 1196 παίδων
940 1154 1260 1207 ἐπιλαμβάνεται
1280 1156 1342 1196 καὶ
1366 1156 1438 1207 τὴν

47 1236 84 1269 15
105 1225 200 1263 ναῦν
225 1223 499 1263 κατεκώλυσεν
518 1222 635 1263 αὐτὸν
655 1221 883 1275 ἐξορμίζειν,
907 1221 970 1262 καὶ
988 1222 1350 1275 μεταπεμψάμενος
1370 1224 1438 1274 ἐμὲ

107 1289 219 1342 λέγει
251 1289 296 1330 τὸ
325 1292 498 1342 πρᾶγμα.
560 1289 610 1331 ὣς
640 1289 672 1329 δ’
704 1288 868 1339 ἥκουσα,
895 1291 1034 1330 τοῦτον
1065 1291 1137 1341 μὲν
1167 1290 1438 1330 ἀνοσιώτατον
1472 1301 1515 1328 10

103 1355 317 1409 ἡγησάμην
342 1356 441 1397 εἶναι
466 1360 518 1411 τῷ
545 1355 833 1410 ἐπιχειρήματι,
861 1356 1116 1408 ἐσκοπούμην
1136 1358 1177 1397 δὲ
1197 1357 1302 1398 ὅπως
1321 1356 1438 1399 αὐτός

104 1440 148 1465 τε
185 1422 488 1475 ἀπολυθήσομαι
525 1426 592 1474 τῆς
627 1424 769 1476 ἐγγύης
807 1425 877 1473 τῆς
912 1424 977 1464 ἐπὶ
1015 1423 1087 1474 τὴν
1125 1423 1333 1475 τράπεζαν,
1375 1424 1438 1465 καὶ

106 1490 127 1530 ὁ
150 1489 262 1541 ξένος
284 1490 336 1542 μὴ
364 1491 508 1531 ἀπολεῖ
530 1490 555 1530 ἃ
578 1490 627 1531 δι’
653 1491 747 1541 ἐμοῦ
765 1490 889 1545 τούτῳ
911 1489 1127 1531 ἐδάνεισεν.
1185 1489 1440 1541 καταστήσας

47 1578 87 1600 20
106 1559 149 1598 δὲ
178 1557 359 1610 φύλακας
386 1560 455 1608 τῆς
484 1558 581 1599 νεὼς
610 1556 861 1609 διηγησάμην
889 1561 974 1599 τοῖς
1005 1559 1214 1609 ἐγγυηταῖς
1244 1560 1314 1608 τῆς
1345 1574 1436 1610 τρα-

105 1623 223 1675 πέζης
247 1623 319 1675 τὴν
345 1623 497 1676 πρᾶξιν,
527 1625 589 1665 καὶ
619 1624 828 1675 παρέδωκα
857 1623 902 1664 τὸ
929 1623 1129 1677 ἐνέχυρον,
1158 1625 1278 1666 εἰπὼν
1307 1624 1440 1667 αὐτοῖς

105 1691 167 1731 ὅτι
207 1689 303 1731 δέκα
342 1695 438 1742 μναῖ
475 1692 660 1742 ἐνείησαν
698 1695 751 1745 τῷ
790 1690 889 1746 ξένῳ
929 1691 971 1731 ἐν
1009 1696 1058 1748 τῇ
1096 1692 1173 1742 νηί.
1241 1695 1365 1732 ταῦτα
1397 1694 1440 1733 δὲ

106 1755 257 1810 πράξας
283 1759 540 1811 κατηγγύησα
564 1758 654 1801 τοὺς
678 1761 831 1804 παῖδας,
859 1757 908 1799 ἵν’
939 1759 978 1799 εἴ
1003 1775 1062 1800 τις
1091 1758 1220 1799 ἔνδεια
1244 1759 1436 1811 γίγνοιτο,

106 1826 155 1865 τὰ
192 1826 432 1866 ἐλλείποντα
470 1827 512 1866 ἐκ
549 1829 628 1866 τῶν
664 1829 816 1866 παίδων
855 1826 926 1876 εἴη.
980 1826 1044 1866 καὶ
1081 1825 1160 1878 ἐγὼ
1191 1827 1264 1876 μὲν
1303 1825 1437 1876 ἐπειδὴ
1473 1835 1510 1862 11

49 1909 87 1941 ²5
107 1891 260 1942 ἔλαβον
277 1896 414 1932 τοῦτον
430 1894 650 1940 ἀδικοῦντα,
668 1892 955 1944 διωρθωσάμην
979 1893 1076 1945 ὑπὲρ
1102 1894 1269 1943 ἐμαυτοῦ
1289 1892 1352 1932 καὶ
1370 1895 1438 1932 τοῦ

107 1957 234 2009 ξένου·
272 1959 292 1998 ὁ
318 1958 351 1999 δ’
383 1960 516 2012 ὥσπερ
549 1960 813 2011 ἀδικούμενος,
841 1959 932 2000 ἀλλ’
964 1959 1032 1999 οὐκ
1066 1960 1209 1999 ἀδικῶν
1240 1958 1440 2012 ἐμέμφετό

107 2042 186 2076 μοι,
214 2024 279 2066 καὶ
300 2025 431 2078 ἠρώτα
456 2028 490 2067 εἰ
515 2027 589 2080 οὐχ
616 2027 750 2067 ἱκανόν
774 2043 842 2077 μοι
874 2028 930 2077 εἴη
961 2026 1063 2080 αὐτῷ
1094 2027 1340 2076 ἀπολυθῆναι
1368 2028 1438 2076 τῆς

109 2091 254 2144 ἐγγύης
276 2095 346 2143 τῆς
370 2093 468 2144 πρὸς
492 2093 562 2143 τὴν
588 2092 795 2145 τράπεζαν,
822 2094 928 2133 ἀλλὰ
955 2093 1017 2133 καὶ
1040 2093 1137 2145 ὑπὲρ
1161 2096 1229 2133 τοῦ
1252 2093 1438 2145 ἀργυρίου

107 2162 178 2198 τοῦ
209 2159 489 2211 Παρμένοντος
520 2159 590 2209 τὴν
619 2163 714 2200 ναῦν
748 2163 948 2212 κατεγγυῶ
983 2160 1044 2200 καὶ
1074 2160 1164 2201 τοὺς
1193 2162 1346 2205 παῖδας,
1375 2159 1438 2199 καὶ

152 2276 173 2297 2
196 2266 522 2307 ἆνομολογησάμενος
540 2265 684 2297 Schulze
795 2268 941 2305 ποιοῦμαι
960 2264 1036 2305 τῆς]
1055 2265 1240 2305 ποιούμενος
1257 2264 1294 2296 Sl
1315 2269 1348 2295 ut
1365 2264 1433 2295 vid.

106 2319 128 2350 3
150 2324 188 2342 τε
203 2309 236 2341 Α
252 2310 344 2340 solus
503 2320 541 2340 12
566 2311 602 2341 ἐκ
617 2319 682 2340 om.
700 2309 750 2348 Sl,
770 2310 846 2340 add.
862 2318 945 2339 sscr.
962 2309 1035 2340 ead.
1056 2319 1099 2340 m.
1267 2318 1309 2347 23
1338 2304 1440 2337 ἔνδεια

107 2354 205 2385 codd.
221 2366 227 2385 ι
253 2353 359 2386 ἔκδεια
375 2353 534 2384 Valesius
550 2354 592 2383 ad
611 2353 781 2392 Harpocr.
801 2362 843 2391 54
995 2362 1035 2390 27
1062 2353 1089 2384 εἶ
1104 2351 1155 2382 Α;
1179 2351 1198 2389 ἧ
1219 2351 1270 2382 D:
1294 2353 1314 2389 ἢ
1331 2351 1355 2382 S
1368 2351 1392 2381 F
1404 2352 1434 2389 Q

110 2399 194 2438 αὐτῷ
210 2407 275 2429 om.
295 2396 326 2426 A
458 2399 500 2427 28
525 2397 601 2438 πρὸς
618 2398 679 2435 τὴν
698 2396 730 2426 in
749 2407 814 2435 mg.
835 2407 854 2426 a
872 2406 921 2436 pr.
942 2406 983 2427 m.
1005 2395 1029 2426 S
1118 2394 1276 2435 τραπέζης
1295 2394 1333 2426 5ι
