1685 2772
94 135 240 190 xxm]
478 140 638 178 ΠΡΟΣ
686 140 1022 178 ΦΟΡΜῙΩΝΑ
1452 129 1566 184 [915]

92 251 222 301 ζονται
267 251 340 301 μὲν
380 248 463 301 μετ’
501 250 650 302 ὀλίγων
689 249 909 301 μαρτύρων,
952 250 1046 289 ὅταν
1091 249 1123 289 δ’
1163 249 1418 294 ἀποδιδῶσιν,

90 316 266 358 πολλοὺς
295 317 558 369 παρίστανται
582 315 792 368 μάρτυρας,
820 317 884 356 ἵνα
910 317 1095 358 ἐπιεικεῖς
1122 319 1291 356 δοκῶσιν
1322 315 1421 356 εἶναι
1454 322 1573 377 [916]

90 384 252 436 περὶτὰ
289 384 535 434 συμβόλαια.
594 384 659 423 σοὶ
689 382 721 423 δ’
755 383 984 422 ἀποδιδόντι
1013 383 1060 422 τό
1092 399 1135 423 τε
1169 381 1324 422 δάνειον
1359 382 1421 422 καὶ

89 451 177 491 τοὺς
209 450 343 491 τόκους
372 449 629 502 ἀμφοτέρους,
662 449 862 504 ἑτερόπλῳ
893 450 947 504 τῷ
975 450 1143 503 ἀργυρίῳ
1178 448 1418 503 κεχρημένῳ,

50 542 67 573 5
91 518 151 558 καὶ
178 516 432 569 προστιθέντι
458 515 593 568 ἑτέρας
616 520 721 568 τρεῖς
748 516 809 555 καὶ
836 515 930 556 δέκα
955 519 1068 567 μνᾶς,
1096 520 1179 558 πῶς
1204 516 1293 569 οὐχὶ
1319 521 1418 556 πολ-

90 584 183 625 λοὺς
209 583 255 635 ἧν
281 583 561 635 παραληπτέον
584 582 798 634 μάρτυρας;
841 584 903 622 καὶ
930 584 963 623 εἰ
990 586 1104 623 τοῦτο
1128 580 1312 635 ἔπραξας,
1340 582 1420 622 οὐδ’

89 650 137 691 ἂν
163 651 216 692 εἷς
242 654 317 690 σοῦ
340 653 497 701 μᾶλλον
521 654 598 690 τῶν
623 650 828 690 πλεόντων
865 649 1118 700 ἐθαυμάζετο.
1192 648 1242 689 σὺ
1267 648 1300 689 δ’
1333 649 1420 689 ἀντὶ
1452 661 1494 696 31

89 721 158 758 τοῦ
181 717 356 759 πολλοὺς
380 717 577 769 μάρτυρας
601 717 750 757 τούτων
781 719 984 757 ποιεῖσθαι
1016 715 1166 757 πάντας
1193 716 1421 767 ἀνθρώπους

89 783 301 825 λανθάνειν
327 786 480 836 ἐπειρῶ,
516 785 651 836 ὥσπερ
677 784 821 824 ἀδικῶν
854 800 905 824 τι.
978 783 1040 823 καὶ
1074 784 1106 823 εἰ
1135 785 1208 834 μὲν
1242 783 1328 834 ἐμοὶ
1365 783 1419 838 τῷ

31 869 69 891 10
89 853 316 892 δανείσαντι
346 851 565 897 ἀπεδίδους,
603 852 716 891 οὐδὲν
753 847 838 902 (ἂν)
868 850 947 891 ἔδει
975 850 1195 902 μαρτύρων·
1238 849 1310 900 τὴν
1345 851 1420 902 γὰρ

90 917 328 971 συγγραφὴν
353 919 591 969 ἀνελόμενος
617 915 828 967 ἀπήλλαξο
863 916 913 958 ἂν
945 921 1013 957 τοῦ
1039 917 1301 968 συμβολαίου·
1353 920 1421 958 νῦν

90 985 123 1025 δ’
149 985 217 1025 οὐκ
242 987 340 1036 ἐμοί,
368 985 460 1025 ἀλλ’
485 984 604 1039 ἑτέρῳ
631 986 728 1037 ὑπὲρ
755 986 850 1035 ἐμοῦ
875 984 1098 1031 ἀποδιδούς,
1122 985 1182 1024 καὶ
1209 984 1276 1024 οὐκ
1300 983 1418 1034 Ἀθή-

90 1069 219 1103 νησιν,
246 1051 338 1092 ἀλλ’
364 1054 406 1092 ἐν
441 1052 648 1106 Βοσπόρῳ,
679 1052 739 1091 καὶ
774 1054 844 1102 τῆς
879 1053 1115 1104 συγγραφῆς
1150 1068 1214 1091 σοι
1241 1050 1420 1102 κειμένης

89 1118 282 1169 Ἀθήνησι
310 1120 372 1160 καὶ
401 1119 498 1171 πρὸς
531 1118 611 1170 ἐμέ,
642 1119 703 1158 καὶ
741 1117 770 1173 ᾧ
795 1118 839 1158 τὸ
865 1119 1035 1172 χρυσίον
1072 1119 1277 1159 ἀπεδίδους
1307 1119 1421 1159 ὄντος

30 1202 67 1233 15
89 1189 231 1236 θνητοῦ
272 1186 333 1225 καὶ
375 1185 550 1238 πέλαγος
591 1190 782 1226 τοσοῦτον
819 1185 1040 1236 μέλλοντος
1082 1188 1210 1232 πλεῖν,
1247 1184 1422 1236 μάρτυρα

89 1252 230 1292 οὐδένα
255 1251 445 1303 ἐποιήσω,
472 1254 562 1293 οὔτε
589 1256 731 1293 δοῦλον
757 1251 837 1293 οὔτ’
870 1252 1093 1304 ἐλεύθερον.
1163 1252 1186 1302 ἡ
1221 1253 1295 1303 γὰρ
1322 1268 1418 1303 συγ-
1451 1262 1495 1297 32

88 1317 223 1371 γραφή
247 1337 309 1370 με,
337 1320 452 1371 φησί,
480 1321 533 1374 τῷ
556 1318 762 1374 ναυκλήρῳ
799 1319 980 1359 ἐκέλευεν
1011 1320 1227 1359 ἀποδοῦναι
1255 1317 1299 1358 τὸ
1323 1335 1418 1371 χρυ-

89 1387 190 1426 σίον.
263 1385 458 1439 μάρτυρας
491 1385 535 1426 δέ
565 1385 601 1439 γ’
631 1386 699 1426 οὐκ
733 1386 906 1426 ἐκώλυεν
943 1390 1199 1437 παρακαλεῖν,
1235 1384 1323 1425 οὐδὲ
1351 1386 1420 1426 τὰς

88 1454 304 1495 ἐπιστολὰς
329 1454 554 1494 ἀποδοῦναι.
627 1454 690 1494 καὶ
716 1454 797 1494 οἵδε
812 1455 884 1504 μὲν
910 1452 1006 1505 πρὸς
1027 1455 1075 1493 σὲ
1095 1453 1162 1492 δύο
1183 1453 1420 1504 συγγραφὰς

29 1537 69 1558 20
89 1519 331 1571 ἐποιήσαντο
366 1521 464 1573 ὑπὲρ
497 1523 566 1560 τοῦ
603 1520 865 1571 συμβολαίου,
905 1520 956 1562 ὡς
991 1519 1039 1560 ἂν
1069 1521 1104 1559 οἱ
1134 1517 1297 1570 μάλιστ’
1328 1519 1418 1558 ἀπι-

90 1591 287 1629 στοῦντες·
339 1586 390 1627 σὺ
423 1589 465 1628 δὲ
501 1588 620 1638 μόνος
649 1588 756 1642 μόνῳ
795 1586 872 1639 φὴς
900 1589 1032 1626 δοῦναι
1064 1590 1117 1641 τῷ
1147 1584 1350 1640 ναυκλήρῳ
1376 1584 1421 1624 τὸ

88 1654 267 1707 χρυσίον,
288 1655 399 1696 εἰδὼς
424 1657 521 1695 κατὰ
542 1658 616 1695 σοῦ
636 1653 818 1705 κειμένην
839 1652 1034 1704 Ἀθήνησι
1060 1652 1299 1705 συγγραφὴν
1324 1651 1421 1703 πρὸς

88 1724 237 1761 τοῦτον.

156 1787 276 1840 Λέγει
301 1790 343 1828 δὲ
369 1788 419 1830 ὡς
442 1788 465 1838 ἡ
492 1788 708 1841 συγγραφὴ
737 1788 935 1837 σωθείσης
961 1789 1030 1837 τῆς
1054 1787 1152 1828 νεὼς
1177 1785 1295 1826 αὐτὸν
1321 1786 1418 1826 ἀπο·
1451 1799 1494 1834 33

50 1866 68 1897 5
89 1857 222 1894 δοῦναι
248 1855 399 1895 κελεύει
422 1857 470 1894 τὰ
494 1854 690 1908 χρήματα.
743 1856 805 1895 καὶ
829 1856 906 1906 γὰρ
932 1853 1119 1894 ἐνθέσθαι
1138 1851 1421 1905 τάγοράσματα

89 1922 144 1962 εἰς
163 1921 234 1971 τὴν
259 1926 353 1962 ναῦν
381 1922 529 1962 κελεύει
561 1939 622 1968 σε,
650 1923 683 1962 εἷ
713 1924 755 1962 δὲ
787 1920 853 1972 μή,
883 1921 1214 1973 πεντακισχιλίας
1242 1920 1419 1972 δραχμὰς

89 1988 303 2028 ἀποτίνειν.
375 1988 425 2028 σὺ
450 1990 491 2028 δὲ
515 1993 630 2029 τοῦτο
654 1991 727 2039 μὲν
751 1991 820 2038 τῆς
846 1989 1084 2040 συγγραφῆς
1115 1987 1159 2027 οὐ
1183 1985 1417 2037 λαμβάνεις,

89 2055 384 2106 παραβεβηκὼς
409 2055 442 2094 δ’
468 2055 580 2097 εὐθὺς
611 2054 657 2105 ἐξ
684 2056 808 2108 ἀρχῆς
839 2055 901 2094 καὶ
933 2056 980 2094 τὰ
1005 2053 1188 2107 χρήματα
1215 2052 1283 2092 οὐκ
1309 2051 1416 2092 ἐνθέ-

131 2174 150 2201 4
176 2163 338 2205 ἑτερόπλῳ
356 2163 387 2194 Α
407 2176 413 2194 :
438 2163 622 2205 ἑτεροπλόῳ
640 2163 728 2203 vulg.
897 2173 918 2202 9
941 2163 988 2199 τιἹ
1010 2177 1058 2196 τις
1077 2163 1107 2193 Α
1274 2172 1314 2192 10
1337 2160 1418 2203 (ἂν)

87 2207 162 2237 add.
184 2207 283 2237 Blass
384 2217 417 2237 11
446 2207 615 2248 ἀπήλλαξο
633 2207 720 2238 SA:
747 2207 917 2247 ἀπήλλαξα
939 2205 1027 2236 FD:
1054 2206 1228 2246 ἀπηλλάξω
1246 2205 1276 2244 Q
1378 2215 1417 2234 12

88 2249 254 2283 ἀποδιδούς
269 2250 300 2280 Α
318 2262 325 2280 :
350 2251 498 2282 ἀπεδίδου
519 2251 576 2281 Sl:
604 2251 768 2282 ἀπεδίδους
786 2250 876 2289 vulg.
982 2260 1019 2288 17
1045 2263 1083 2289 με
1101 2260 1164 2280 om.
1185 2249 1216 2278 A
1322 2249 1359 2278 18
1383 2246 1419 2280 δέ

88 2306 128 2333 ’γε
144 2293 233 2333 vulg.
254 2305 261 2324 :
285 2293 321 2325 δέ
335 2308 385 2326 τοι
404 2294 427 2324 S
605 2297 802 2334 παρακαλεῖν
820 2294 844 2324 S
861 2293 965 2332 vulg.‚
985 2293 1026 2324 cf.
1049 2296 1064 2330 §
1083 2303 1145 2331 29:
1169 2294 1371 2334 παραλαβεῖν
1386 2291 1418 2321 Α

87 2346 130 2367 20
153 2339 182 2369 οἱ
200 2337 224 2367 S
241 2348 248 2368 :
274 2350 323 2369 σοι
340 2337 429 2376 vulg.
533 2346 574 2376 25
597 2338 660 2379 γὰρ
678 2336 836 2378 ἐνθέσθαι]
856 2336 1065 2379 παρενθέσθαι
1083 2335 1107 2366 S
1121 2336 1149 2366 D
1250 2347 1290 2376 27
1319 2348 1416 2377 παρα-

87 2380 263 2418 λαμβάνεις
280 2381 312 2411 Α

1249 2460 1288 2492 7*
