1685 2772
92 149 211 204 [Qffl

95 260 211 316 [847]

192 398 212 432 8

161 1276 211 1303 ‘10

172 1753 210 1778 11

94 1998 213 2054 [QOE

666 147 1155 186 ΔΗΜΟΣΘΕΝΟΎΣ
1454 144 1570 199 &mx

241 258 463 309 μαρτυρίων
505 255 779 309 ἐπεσκήψατο,
813 256 903 297 οὐδὲ
944 256 1184 307 τετόλμηκεν
1223 257 1378 297 διώκειν
1415 257 1506 298 ἀλλ’
1547 255 1571 309 ἢ

242 324 386 373 ταύτην
410 325 503 375 μίαν
522 324 657 369 οὖσαν,
687 325 728 363 ἐν
750 322 776 380 ᾗ
801 323 979 376 δραχμὴν
1002 323 1071 363 οὐκ
1095 322 1144 363 ἂν
1174 324 1260 376 ἔχοι
1283 323 1407 374 δεῖξαι
1424 342 1570 376 μεμαρ-

243 391 476 443 τυρημένην.
548 391 672 430 καίτοι
703 391 750 429 τό
780 407 826 443 γε
851 391 1000 440 τίμημα
1029 394 1108 430 τῶν
1137 390 1350 444 χρημάτων
1383 392 1437 431 ὧν
1473 392 1568 433 ἀπε-

244 457 457 510 στερήμην,
486 457 554 497 οὐκ
575 459 616 497 ἐκ
641 457 784 507 ταύτης
809 457 1005 498 συντιθεὶς
1029 458 1267 509 ἐλογιζόμην
1294 460 1487 498 τοσοῦτον
1509 457 1571 509 (οὐ

242 527 317 578 γὰρ
349 524 476 565 ἔνεστ’
507 522 717 576 ἀργύριον),
746 523 837 564 ἀλλ’
874 523 920 575 ἐξ
947 524 1110 564 ἐκείνων
1140 524 1224 564 καθ’
1261 525 1410 565 ἕκαστα
1435 527 1569 572 τιθείς,

241 593 302 634 αἶς
341 591 453 633 οὗτος
490 592 559 631 οὐκ
593 590 864 643 ἐπεσκήψατο.
930 591 1022 631 ὅθεν
1058 593 1094 632 οἱ
1132 591 1213 631 τότ’
1251 592 1492 634 ἀκούσαντες
1525 592 1572 632 οὐ

240 660 362 710 μόνον
399 658 516 697 αὐτοῦ
553 657 822 710 κατέγνωσαν,
865 658 971 698 ἀλλὰ
1008 658 1071 698 καὶ
1107 662 1185 699 τῶν
1222 658 1571 711 ἐπιγεγραμμένων

241 726 446 776 ἐτίμησαν.
516 726 622 767 τίνος
641 725 708 765 οὖν
734 725 834 766 ἕνεκ’
860 727 1014 767 ἐκείνας
1043 727 1116 776 μὲν
1143 727 1266 772 εἴασε,
1293 726 1386 781 τῇδε
1415 725 1448 766 δ’
1479 727 1568 767 ἐπε-

242 791 447 844 σκήψατο,·
487 793 564 844 ἐγὼ
591 793 655 833 καὶ
679 796 795 832 τοῦτο
821 791 977 843 διδάξω.
1034 796 1113 833 τῶν
1135 796 1356 845 μαρτυριῶν
1381 793 1475 833 ὅσαι
1497 795 1570 844 μὲν

240 860 357 900 αὐτοῦ
381 858 549 913 χρήματ’
570 859 676 913 ἔχειν
697 860 1021 912 κατεμαρτύρουν,
1047 859 1133 916 ᾔδει
1159 864 1300 913 σαφῶς
1318 861 1378 900 ὅτι
1392 861 1568 915 τοσούτῳ

238 929 396 977 μᾶλλον
436 925 774 980 ἐξελεγχθήσεται
819 926 926 967 ταῦτ’
975 928 1092 980 ἔχων,
1135 928 1217 982 ὅσῳ
1261 929 1410 968 πλείων
1447 928 1570 979 λόγος

240 993 451 1044 δοθήσεται
486 993 568 1033 καθ’
604 993 645 1034 ἓν
675 994 763 1045 περὶ
801 993 982 1034 ἑκάστου.
1044 998 1158 1034 τοῦτο
1189 994 1222 1035 δ’
1252 995 1420 1045 ἔμελλεν
1451 995 1493 1035 ἐν
1521 1000 1570 1052 τῇ

239 1064 317 1100 τῶν
353 1062 700 1112 ψευδομαρτυρίων
738 1061 905 1101 ἔσεσθαι
936 1062 1074 1112 κρίσει·
1119 1060 1139 1100 ὃ
1159 1063 1232 1113 γὰρ
1265 1061 1345 1101 τότ’
1377 1062 1417 1101 ἐν
1446 1065 1568 1116 μικρῷ

237 1127 347 1180 μέρει
361 1128 437 1167 τινὶ
453 1131 520 1167 τοῦ
535 1127 681 1169 παντὸς
696 1128 836 1169 ὕδατος
850 1129 948 1178 μετὰ
964 1131 1042 1168 τῶν
1060 1127 1198 1168 ἄλλων
1224 1126 1566 1180 κατηγορήσαμεν,

239 1197 307 1234 νῦν
332 1194 429 1246 πρὸς
449 1193 552 1234 ἅπαν
585 1193 630 1233 τὸ
655 1195 757 1246 ὕδωρ
787 1194 879 1234 αὐτὸ
906 1194 990 1234 καθ’
1015 1196 1108 1234 αὑτὸ
1129 1194 1300 1244 διδάξειν
1333 1194 1566 1245 ἐμέλλομεν.

239 1262 447 1313 ἀποκρίσει
480 1260 510 1299 δ’
561 1260 886 1313 ἐπισκηψάμενος
934 1262 1123 1312 ἐνόμιζεν,
1165 1261 1301 1313 ὥσπερ
1337 1261 1420 1301 τόθ’
1465 1261 1565 1312 ὡμο-

238 1328 428 1380 λόγησεν,
471 1328 570 1367 οὕτω
609 1326 731 1368 πάλιν
770 1327 933 1380 ἔξαρνος
975 1328 1162 1380 γενέσθαι
1196 1327 1301 1368 ταῦτ’
1337 1327 1402 1380 ἐφ’
1444 1330 1566 1383 ἑαυτῷ

240 1395 496 1446 γενήσεσθαι.
568 1396 630 1434 διὰ
666 1398 788 1434 ταῦτα
823 1394 938 1445 τήνδε
971 1396 1112 1435 διώκει.
1173 1395 1372 1446 βούλομαι
1403 1395 1448 1445 δὴ
1479 1396 1567 1435 ταύ-

241 1478 324 1512 την,
353 1462 404 1503 ὡς
429 1461 539 1502 ἔστιν
565 1460 726 1512 ἀληθής,
755 1462 947 1513 ἐπιδεῖξαι
973 1466 1114 1514 σαφῶς
1146 1464 1270 1502 πᾶσιν
1294 1463 1397 1513 ὑμῖν,
1426 1461 1495 1502 οὐκ
1525 1461 1570 1513 ἐξ

243 1529 405 1569 εἰκότων
429 1528 518 1569 οὐδὲ
535 1529 669 1580 λόγων
696 1528 793 1580 πρὸς
818 1528 861 1568 τὸ
887 1528 1012 1581 παρὸν
1029 1529 1383 1582 μεμηχανημένων,
1411 1528 1505 1569 ἀλλ’
1525 1530 1568 1569 ἐκ

240 1599 308 1635 τοῦ
347 1597 451 1647 παρὰ
489 1598 612 1635 πᾶσιν
648 1597 738 1646 ὑμῖν
775 1594 970 1646 δόξοντος,
1011 1596 1061 1637 ὡς
1097 1597 1174 1648 ἐγὼ
1209 1597 1366 1647 νομίζω,
1403 1597 1566 1637 δικαίου.

243 1666 428 1703 σκοπεῖτε
453 1662 485 1702 δ’
512 1663 765 1704 ἀκούσαντες.

308 1728 414 1781 Ἐγὼ
434 1728 522 1781 γάρ,
549 1727 578 1769 ὦ
603 1729 740 1781 ἄνδρες
772 1731 967 1776 δικασταί,
993 1731 1082 1781 περὶ
1101 1732 1170 1780 τῆς
1197 1730 1408 1782 μαρτυρίας
1432 1732 1501 1780 τῆς
1525 1731 1568 1771 ἐν

242 1800 295 1850 τῷ
315 1797 564 1851 γραμματείῳ
589 1795 862 1848 γεγραμμένης
888 1797 999 1838 εἰδὼς
1026 1799 1122 1837 ὄντα
1145 1814 1212 1847 μοι
1236 1797 1304 1837 τὸν
1335 1798 1481 1849 ἀγῶνα,
1505 1797 1567 1837 καὶ

244 1862 333 1914 περὶ
356 1863 494 1903 τούτου
526 1862 596 1913 τὴν
632 1865 776 1915 ψῆφον
801 1864 899 1913 ὑμᾶς
923 1865 1107 1906 οἴσοντας
1137 1863 1413 1914 ἐπιστάμενος,
1439 1862 1567 1919 ᾠήθην

244 1933 325 1970 δεῖν
349 1932 469 1981 μηδὲν
498 1929 599 1969 ἄλλο
630 1930 770 1970 τούτου
799 1931 990 1983 πρότερον
1022 1927 1046 1980 ἢ
1081 1934 1219 1971 τοῦτον
1248 1930 1568 1982 προκαλούμενος

246 1995 416 2049 ἐλέγξαι.
491 1997 555 2036 καὶ
601 1998 643 2036 τί
682 2001 799 2044 ποιῶ;
852 2000 1093 2049 παραδοῦναι
1133 1997 1236 2037 παῖδ’
1278 1997 1423 2047 ἤθελον
1463 1997 1566 2051 αὐτῷ

243 2063 437 2115 γράμματ’
469 2063 730 2114 ἐπιστάμενον
767 2065 1015 2115 βασανίζειν,
1043 2063 1085 2106 ὃς
1111 2066 1240 2115 παρῆν
1271 2063 1330 2102 ὅθ’
1369 2063 1567 2115 ὡμολόγει

1590 546 1608 577 5

1592 879 1632 901 10

1591 1212 1627 1243 ¹5

1589 1544 1628 1566 20

1588 1879 1626 1910 ²5

283 2184 303 2212 3
327 2174 568 2213 ἀπεστερούμην
585 2173 616 2203 Α
788 2184 806 2211 4
833 2173 1006 2213 συντιθεὶς]
1027 2173 1121 2212 prius
1138 2188 1146 2205 ι
1166 2173 1198 2203 in
1217 2183 1280 2203 ras.
1299 2172 1323 2203 S
1527 2183 1567 2204 10
1606 2173 1609 2175 ’

239 2217 380 2257 χρήματ’
399 2217 488 2257 ἔχειν
505 2219 602 2248 αὐτοῦ
620 2217 645 2246 F
657 2216 685 2246 D
766 2227 778 2246 1
789 2228 801 2247 1
830 2217 1070 2257 ἐλεγχθήσεται
1086 2216 1119 2247 Α
1132 2217 1162 2247 D
1241 2226 1280 2255 13
1303 2215 1407 2255 κρίσει
1422 2215 1474 2247 A:
1499 2226 1564 2247 om.

240 2260 264 2290 S
279 2260 304 2289 F
318 2260 348 2290 D
434 2270 469 2298 17
496 2266 572 2299 post
590 2262 692 2292 ταῦτα
708 2260 783 2291 add.
803 2260 829 2292 δ’
849 2260 872 2291 S
889 2270 974 2291 corr.
993 2270 1036 2291 m.
1053 2265 1135 2300 ant„
1155 2260 1246 2290 FD:
1270 2269 1334 2290 om.
1355 2257 1435 2290 S¹A
1524 2269 1566 2290 20

240 2303 362 2335 εἰκότος
392 2302 424 2332 Α
436 2302 474 2333 F¹
487 2303 516 2333 D
716 2313 753 2332 21
782 2303 928 2343 δόξοντος
961 2303 985 2335 S
1001 2315 1009 2335 ε
1049 2304 1198 2345 δόξαντος
1235 2303 1326 2343 vulg.
1523 2312 1564 2332 22

240 2346 408 2420 ἐκῧῦοντες
424 2346 455 2377 Α
537 2347 579 2376 26
601 2346 699 2386 μηθὲν
719 2346 744 2377 S
805 2346 1065 2387 προκαλούμενον
1081 2347 1110 2386 (ς
1126 2346 1223 2386 sset.)
1243 2346 1266 2377 S
1335 2356 1375 2384 27
1402 2345 1564 2386 ἐξελέγξαι
