1685 2772
37 69 165 123 [956]

616 80 1109 118 ΔΗΜΟΣΘΕΝΟΤΣ
1379 75 1529 131 [xxxV1

123 207 168 242 39
197 189 354 230 λάντων
393 190 454 230 καὶ
496 188 715 241 ἑξακοσίων
754 193 954 244 δραχμῶν.
1010 190 1118 229 ἀλλὰ
1156 189 1202 240 νὴ
1247 191 1326 231 Δία
1363 190 1471 230 ταῦθ’
1506 191 1529 241 ἡ

199 257 314 299 πόλις
341 259 521 309 εἴληφεν,
550 257 614 298 καὶ
639 258 749 298 δεινὰ
774 256 974 298 πέπονθας
998 257 1133 296 πολλὰ
1163 263 1529 313 καταλελῃτουργη-

201 324 287 366 κώς.
347 323 439 364 ἀλλ’
476 324 500 364 δι
533 326 605 375 μὲν
641 325 684 364 ἐκ
722 327 861 364 κοινῶν
899 322 1153 380 ἐλῃτούργεις
1187 326 1266 364 τῶν
1303 323 1529 377 χρημάτων,

200 391 250 431 σὺ
284 391 346 431 καὶ
376 390 551 443 ἁδελφὸς
581 391 831 442 ἀνηλώσατε·
869 390 894 430 ἃ
924 390 956 430 δ’
989 391 1168 442 ὕστερον,
1196 391 1264 431 οὐκ
1298 390 1408 432 ἔστιν
1441 391 1533 443 ἄξια

198 457 250 509 μὴ
284 458 344 498 ὅτι
376 460 484 498 δυοῖν
511 457 725 499 ταλάντοιν
757 459 969 510 προσόδου,
1007 457 1099 498 ἀλλ’
1133 457 1213 498 οὐδ’
1248 459 1374 499 εἴκοσι
1408 463 1529 510 μνῶν.
1552 477 1568 506 5

198 526 318 576 μηδὲν
343 524 410 565 οὖν
434 524 505 575 τὴν
534 525 653 566 πόλιν
682 526 804 572 αἰτιῶ,
832 524 920 576 μηδ’
947 526 971 566 ἃ
1005 524 1054 565 σὺ
1087 529 1165 566 τῶν
1198 526 1324 566 ὄντων
1357 527 1531 579 αἰσχρῶς

251 591 262 606 X
365 595 382 604 Α
436 592 446 607 5
490 591 501 606 Ι
676 592 686 606 t
742 592 753 606 C
823 593 833 607 Ι
939 594 955 607 »l
1159 592 1168 607 Ι
1266 594 1283 608 H
1373 593 1381 606 5
1423 594 1432 608 5
1463 596 1480 604 fl
1507 593 1517 607 ἳ

123 608 169 641 40
201 609 263 631 και
283 609 408 634 κακῶς
428 597 646 643 ανηλωκας,
667 609 717 634 ως
735 610 758 644 η
780 599 897 634 πολις
919 598 1098 645 ειληφεν,
1119 597 1227 644 λεγε.
1268 610 1329 633 ινα
1349 595 1368 632 δ
1399 596 1505 644 ειδητ
1520 625 1530 640 ,

46 783 165 842 [957]

121 1093 164 1128 41

200 657 229 699 ὦ
255 657 392 710 ἄνδρες
417 658 633 710 Ἀθηναῖοι,
654 660 702 699 τό
724 677 767 700 τε
793 662 945 710 πλῆθος
971 663 1048 700 τῶν
1067 659 1279 712 χρημάτων
1298 661 1353 700 ὧν
1374 661 1530 713 εἴληφε,

200 725 262 765 καὶ
298 727 366 767 τὰς
401 728 638 782 λῃτουργίας
675 727 720 768 ἃς
756 727 1087 783 λελῃτούργηκεν,
1126 726 1402 779 ἀναγνώσεται
1443 728 1534 778 ὑμῖν

199 791 283 832 καθ’
310 792 351 833 ἓν
377 793 560 834 ἕκαστον.
630 793 739 845 λαβέ
761 810 828 845 μοι
852 793 897 833 τὸ
922 795 1093 845 βιβλίον
1116 794 1223 833 τουτὶ
1249 793 1311 833 καὶ
1339 792 1410 845 τὴν
1437 794 1531 847 πρό-

199 864 344 910 κλησιν
367 861 526 911 ταυτηνὶ
554 861 616 902 καὶ
641 863 712 904 τὰς
735 862 950 913 μαρτυρίας
977 861 1157 901 ταυτασί.

469 988 691 1033 (mmmm)
738 994 983 1025 ΠΡΟΚΛΗΣΙΣ.
1032 996 1262 1023 ΜΑΡΤτΡιΑι.

264 1077 452 1116 Τοσαῦτα
478 1077 551 1127 μὲν
575 1077 708 1116 τοίνυν
733 1075 903 1129 χρήματ’
937 1076 1114 1129 εἰληφὼς
1149 1077 1210 1116 καὶ
1240 1076 1339 1129 χρέα
1367 1080 1532 1117 πολλῶν

198 1141 403 1184 ταλάντων
440 1143 558 1196 ἔχων,
596 1144 651 1183 ῶν
687 1145 735 1184 τὰ
772 1145 844 1194 μὲν
882 1142 971 1194 παρ’
1007 1144 1190 1190 ἑκόντων,
1225 1145 1274 1183 τὰ
1309 1143 1342 1183 δ’
1376 1145 1418 1184 ἐκ
1454 1148 1532 1184 τῶν

198 1212 317 1250 δικῶν
342 1209 581 1263 εἰσπράττει,
609 1210 633 1250 ἃ
665 1212 734 1261 τῆς
767 1211 1005 1261 μισθώσεως
1038 1210 1113 1261 ἔξω
1144 1212 1215 1261 τῆς
1247 1210 1439 1263 τραπέζης
1470 1211 1532 1251 καὶ

198 1279 268 1327 τῆς
299 1276 426 1327 ἄλλης
459 1276 607 1323 οὐσίας,
634 1276 682 1327 ἣν
717 1276 929 1318 κατέλιπεν
963 1279 1147 1324 Πασίων,
1182 1277 1367 1330 ὠφείλετ’
1397 1279 1531 1332 ἐκείνῳ

200 1345 263 1384 καὶ
289 1347 357 1384 νῦν
376 1343 676 1397 παρειλήφασιν
697 1344 815 1390 οὗτοι,
839 1345 902 1385 καὶ
923 1344 1081 1385 τοσαῦτ’
1102 1345 1316 1395 ἀνηλωκὼς
1340 1345 1404 1385 ὅσ’
1424 1346 1532 1396 ὑμεῖς

197 1411 408 1462 ἠκούσατε,
429 1410 517 1451 οὐδὲ
542 1414 774 1452 πολλοστὸν
797 1411 914 1463 μέρος
940 1415 1017 1452 τῶν
1043 1412 1266 1464 προσόδων,
1292 1411 1344 1463 μὴ
1370 1413 1431 1452 ὅτι
1454 1415 1533 1453 τῶν

199 1478 388 1532 ἀρχαίων,
403 1479 455 1518 εἷς
471 1480 540 1520 τὰς
555 1480 803 1534 λῃτουργίας,
826 1480 930 1529 ὅμως
946 1479 1256 1528 ἀλαζονεύσεται
1272 1480 1335 1519 καὶ
1351 1497 1530 1532 τριηραρ-

120 1562 166 1597 42
198 1545 288 1598 χίας
319 1546 401 1597 ἐρεῖ
428 1545 489 1585 καὶ
518 1546 720 1598 χορηγίας.
791 1547 870 1598 ἐγὼ
903 1545 949 1591 δ’,
984 1546 1035 1587 ὡς
1066 1548 1138 1596 μὲν
1164 1546 1233 1587 οὐκ
1264 1547 1391 1597 ἀληθῆ
1425 1546 1531 1587 ταῦτ’

200 1613 291 1663 ἐρεῖ,
334 1611 526 1662 ἐπέδειξα,
568 1613 675 1663 οἶμαι
716 1612 864 1663 μέντοι,
908 1612 979 1653 κᾶν
1016 1614 1049 1653 εἰ
1091 1616 1212 1653 ταῦτα
1253 1612 1366 1654 πάντ’
1402 1614 1530 1664 ἀληθῆ

198 1677 322 1731 λέγοι,
356 1678 520 1720 κάλλιον
553 1679 652 1720 εἶναι
685 1681 746 1720 καὶ
780 1681 1021 1733 δικαιότερον
1054 1680 1159 1720 τόνδ’
1193 1679 1271 1721 ἀπὸ
1301 1684 1379 1721 τῶν
1413 1682 1530 1721 αὑτοῦ

197 1750 432 1801 λῃτουργεῖν
456 1747 546 1797 ὑμῖν
571 1744 594 1797 ἢ
620 1747 743 1802 τούτῳ
772 1748 911 1789 δόντας
937 1749 985 1787 τὰ
1010 1748 1160 1794 τούτου,
1186 1749 1304 1800 μικρὰ
1329 1751 1405 1788 τῶν
1431 1747 1527 1789 πάν-

199 1829 278 1853 των
324 1813 463 1855 αὐτοὺς
508 1814 796 1868 μετασχόντας,
847 1816 961 1856 τόνδε
1008 1817 1080 1866 μὲν
1123 1816 1165 1856 ἐν
1207 1818 1291 1856 ταῖς
1338 1814 1530 1868 ἐσχάταις

200 1880 365 1921 ἐνδείαις
403 1881 509 1932 ὁρᾶν,
553 1884 692 1922 τοῦτον
735 1881 768 1921 δ’
807 1882 1020 1935 ὑβρίζοντα
1063 1882 1124 1922 καὶ
1163 1883 1218 1924 εἷς
1255 1881 1353 1934 ἅπερ
1394 1883 1531 1922 εἴωθεν

124 1963 169 1998 43
199 1947 479 1988 ἀναλίσκοντα.
554 1949 660 1988 ἀλλὰ
692 1948 770 2000 μὴν
795 1950 888 2001 περί
916 1966 963 2002 γε
993 1951 1062 2000 τῆς
1088 1949 1282 2001 εὐπορίας,
1310 1949 1361 1991 ὡς
1385 1949 1428 1989 ἐκ
1452 1952 1530 1989 τῶν

203 2017 270 2054 τοῦ
301 2013 445 2066 πατρὸς
481 2018 547 2054 τοῦ
583 2019 656 2055 σοῦ
694 2014 887 2067 κέκτηται,
923 2018 986 2057 καὶ
1018 2017 1072 2057 ῶν
1109 2015 1322 2068 ἐρωτήσειν
1354 2016 1528 2068 ἔφησθα,

243 2118 263 2146 5
286 2107 456 2139 ταλάντων
473 2108 509 2138 S¹
529 2114 564 2139 ut
583 2109 649 2140 vid.
873 2120 911 2140 10
934 2124 986 2150 μοι
1004 2120 1067 2140 om.
1088 2109 1128 2144 S:
1157 2110 1243 2147 λαβέ
1257 2124 1309 2149 μοι
1332 2120 1398 2141 om.
1420 2109 1485 2148 FQ
1501 2109 1529 2139 D

202 2159 237 2180 11
263 2151 385 2189 ταύτην
404 2152 469 2181 SA
596 2163 632 2182 12
658 2158 825 2185 BIBAION
850 2153 926 2184 add.
952 2153 1078 2184 Reiske
1194 2159 1391 2185 ΜΑΡΤὙΡΙΑ
1409 2154 1526 2183 codd:

197 2204 283 2225 corr.
300 2194 418 2232 Anger
532 2206 569 2234 14
596 2196 642 2227 ἔτ’
661 2197 746 2237 ἔχων
766 2196 831 2235 FQ
846 2196 875 2225 D
986 2207 1023 2227 21
1052 2197 1198 2237 ἀπέδειξα
1215 2197 1246 2226 Α
1348 2197 1458 2235 μέντοι
1474 2197 1505 2226 Α
1520 2208 1525 2227 :

197 2237 256 2275 μὲν
271 2238 379 2269 τοίνυν
390 2238 477 2276 vulg.
613 2243 716 2272 ταῦτα
729 2239 833 2271 πάντα
848 2239 871 2269 S
886 2252 892 2270 :
917 2240 1023 2272 πάντα
1038 2242 1141 2272 ταῦτα
1158 2241 1246 2279 vulg.
1265 2252 1272 2271 :
1303 2239 1408 2272 πάντα
1430 2240 1527 2270 BlaSS

199 2289 240 2317 23
264 2280 380 2312 τούτου
396 2282 491 2313 codd.
511 2294 517 2312 :
542 2285 635 2314 τοῦδε
656 2282 780 2313 Reiske
897 2294 936 2321 24
963 2285 1075 2316 αὐτοὺς
1092 2297 1124 2323 μ.
1143 2283 1209 2314 SA
1225 2295 1232 2314 τ
1255 2297 1288 2323 μ.
1306 2284 1419 2316 αὐτούς
1436 2283 1525 2322 vulg.

198 2325 304 2362 26-27
330 2326 370 2356 ὡς
387 2348 394 2355 .
419 2349 424 2353 .
447 2349 453 2355 .
475 2325 629 2364 κέκτηται
655 2327 720 2358 del.
751 2325 864 2357 Naber
969 2336 1051 2366 27-1
1070 2337 1146 2367 pag.
1166 2338 1212 2367 sq.
1242 2329 1291 2359 καὶ
1311 2352 1317 2359 .
1337 2351 1344 2358 .
1363 2351 1369 2358 .
1387 2327 1527 2367 Φορμίων

198 2367 276 2398 secl.
298 2367 469 2399 Huettner

1555 808 1593 831 10

1558 1235 1592 1265 15

1554 1565 1592 1586 20

1553 1901 1589 1933 25
