1685 2772
146 535 163 565 5

124 865 164 887 10

125 1537 165 1558 20

129 2202 169 2233 30

184 134 315 188 xxmx]
399 138 543 175 ΠΡΟΣ
582 137 832 175 ΒΟῘΩΤΟΝ
869 136 999 174 ΠΕΡΙ
1031 136 1144 174 ΤΟΎ
1181 134 1492 173 ΟΝΟΜΑΤΟΣ

184 250 279 294 τίου,
309 247 371 288 καὶ
396 246 440 287 τὸ
468 246 586 299 μέρος
615 251 693 287 τῶν
719 246 783 287 ὑπ’
810 247 958 286 ἐκείνου
984 244 1330 297 καταλειφθέντων
1361 245 1483 297 ἔχεις,·
1500 243 1510 258 ’

187 316 298 356 οὐδὲν
327 314 375 355 ἂν
405 313 495 355 ἄλλ’
521 314 629 367 ἔχοις
660 315 798 360 εἰπεῖν,
830 313 935 363 πλὴν
966 314 1027 353 ὅτι
1058 314 1155 363 κάμὲ
1190 313 1264 362 ζῶν
1295 310 1511 361 ἐποιήσατο

187 383 380 423 Μαντίας.
451 383 492 422 τί
513 379 732 433 τεκμήριον,
761 382 796 420 εἴ
819 381 878 422 τίς
906 380 944 420 σ’
971 380 1110 431 ἔροιτο,
1138 375 1161 429 ἢ
1187 379 1400 431 μαρτύριόν
1426 379 1515 418 ἐστί

185 466 251 490 σοι
274 449 434 496 τούτου,·
471 450 526 490 εἰς
545 448 635 489 τοὺς
656 447 854 500 φράτεράς
873 446 912 498 μ’
932 445 1136 499 εἰσήγαγε,
1159 444 1333 498 φήσειας
1358 444 1418 487 ἄν.
1476 446 1517 485 τί

183 516 252 557 οὖν
286 516 325 556 σ’
352 515 577 568 ἐνέγραψεν
604 517 739 566 ὄνομα,
769 516 806 555 εἴ
833 531 890 556 τις
919 514 1060 566 ἔροιτο,
1089 513 1263 553 Βοιωτὸν
1296 511 1344 552 ἂν
1375 514 1510 553 εἴποις·

182 587 298 623 τοῦτο
321 585 396 636 γὰρ
422 581 626 635 εἰσήχθης.
695 581 834 621 οὐκοῦν
860 580 987 621 δεινὸν
1014 582 1047 620 εἰ
1072 582 1141 630 τῆς
1172 582 1245 630 μὲν
1270 580 1424 620 πόλεως
1451 579 1513 619 καὶ

182 654 260 690 τῶν
283 650 348 690 ὑπ’
375 650 526 689 ἐκείνου
551 648 898 700 καταλειφθέντων
922 649 986 687 διὰ
1018 647 1190 698 τοῦνομα
1214 650 1328 686 τοῦτο
1352 645 1517 697 μέτεστί

184 734 260 762 σοι,
288 720 402 755 τοῦτο
426 715 459 756 δ’
486 715 611 765 ἀξιοῖς
635 715 751 767 ἀφεὶς
777 715 910 767 ἕτερον
934 713 1177 764 μεταθέσθαι
1202 715 1345 767 σαυτῷ.
1408 712 1510 764 φέρ’,

183 785 220 823 εἴ
243 782 281 822 σ’
306 784 325 821 6
352 782 478 834 πατὴρ
505 781 711 832 ἀξιώσειεν
737 781 925 826 ἀναστάς,
951 777 974 830 ἦ
1000 779 1133 831 μένειν
1167 779 1231 832 ἐφ’
1258 779 1301 819 οῦ
1331 778 1371 818 σ’
1399 778 1512 819 αὐτὸς

183 848 388 899 ἐποιήσατ’
414 850 618 900 ὀνόματος,
649 845 674 898 ἢ
704 847 837 900 πατέρ’
863 847 991 887 ἄλλον
1017 850 1162 887 σαυτοῦ
1191 846 1364 898 φάσκειν
1397 845 1508 892 εἶναι,

182 915 243 967 ἆρ’
269 915 338 956 οὐκ
363 915 411 956 ἂν
435 914 559 966 μέτρι’
586 913 720 965 ἀξιοῦν
750 916 880 965 δοκοίη
889 930 902 961 ,·
941 914 1062 954 ταύτὰ
1087 915 1219 953 τοίνυν
1242 912 1348 953 ταῦτ’
1370 913 1445 965 ἐγώ
1473 911 1511 951 σ’

183 980 291 1031 ἀξιῶ,
331 978 357 1032 ἢ
397 981 544 1035 πατρὸς
585 981 710 1022 ἄλλου
750 981 918 1022 σεαυτὸν
957 980 1248 1033 παραγράφειν,
1290 976 1313 1030 ἢ
1354 978 1511 1030 τοῦνομ’

183 1049 291 1103 ἔχειν
317 1048 496 1091 δ’κεῖνος
521 1048 642 1089 ἔδωκέ
667 1066 744 1088 σοι.
817 1048 863 1098 νὴ
893 1047 969 1094 Δί’,
996 1047 1090 1088 ἀλλ’
1114 1049 1231 1099 ὕβρει
1264 1047 1326 1087 καὶ
1353 1047 1512 1099 ἐπηρείᾳ

182 1117 256 1157 τινὶ
282 1115 386 1157 τοῦτ’
414 1115 524 1166 ἐτέθη
552 1133 628 1156 σοι.
700 1117 805 1156 ἀλλὰ
830 1114 1024 1157 πολλάκις
1055 1114 1140 1166 μέν,
1167 1113 1223 1154 ὅτ’
1248 1113 1316 1154 οὐκ
1351 1115 1477 1154 ἐποιεῖ
1503 1112 1511 1126 ’

183 1185 202 1223 ὁ
228 1183 355 1235 πατὴρ
380 1183 552 1229 τούτους,
580 1183 722 1235 ἔλεγον
747 1183 852 1223 οὗτοι
877 1183 928 1224 ὡς
953 1182 1064 1222 οὐδὲν
1089 1182 1244 1235 χείρους
1264 1181 1367 1221 εἰσὶν
1387 1182 1423 1220 οἱ
1442 1183 1512 1231 τῆς

183 1250 328 1303 μητρὸς
351 1252 420 1300 τῆς
445 1251 583 1290 τούτου
609 1253 816 1302 συγγενεῖς
841 1254 918 1290 τῶν
937 1253 1006 1289 τοῦ
1027 1249 1170 1301 πατρὸς
1186 1252 1255 1288 τοῦ
1274 1250 1380 1300 ἐμοῦ.
1424 1248 1511 1287 ἔστι

184 1318 215 1358 δ’
242 1319 261 1357 ὁ
288 1317 459 1359 Βοιωτὸς
485 1319 663 1370 ἀδελφοῦ
685 1319 755 1367 τῆς
779 1317 918 1357 τούτου
941 1316 1087 1368 μητρὸς
1111 1318 1247 1367 ὄνομα.
1320 1314 1451 1364 ἐπειδὴ
1478 1314 1511 1354 δ’

184 1385 362 1437 εἰσάγειν
388 1385 408 1424 ὁ
437 1384 563 1436 πατὴρ
594 1384 756 1426 τούτους
784 1383 1040 1436 ἠναγκάζετο,
1074 1385 1167 1434 ἐμοῦ
1197 1381 1513 1434 προεισηγμένου

185 1451 424 1497 Μαντιθέου,
454 1452 553 1491 οὕτω
591 1454 730 1491 τοῦτον
766 1450 920 1502 εἰσάγει
951 1451 1137 1496 Βοιωτόν,
1171 1449 1238 1489 τὸν
1270 1448 1446 1500 ἀδελφὸν
1480 1447 1512 1487 δ’

184 1519 301 1558 αὐτοῦ
326 1518 562 1570 Πάμφιλον.
629 1518 715 1558 ἐπεὶ
738 1518 790 1558 σὺ
818 1516 962 1568 δεῖξον,
989 1519 1102 1558 ὅστις
1126 1516 1349 1566 Ἀθηναίων
1372 1515 1513 1555 ταύτὸν

183 1587 307 1636 ὄνομα
332 1589 412 1626 τοῖς
438 1587 555 1625 αὑτοῦ
579 1585 718 1624 παισὶν
745 1584 855 1624 ἔθετο
882 1586 1003 1624 δυοῖν·
1042 1582 1113 1624 κᾶν
1143 1582 1284 1638 δείξῃς,
1311 1583 1389 1634 ἐγὼ
1414 1599 1511 1634 συγ-

183 1651 357 1705 χωρήσω
383 1651 432 1692 δι’
460 1651 647 1702 ἐπήρειάν
673 1668 738 1690 σοι
762 1654 877 1690 τοῦτο
899 1651 1073 1701 τοῦνομα
1093 1649 1234 1689 θέσθαι
1257 1649 1326 1689 τὸν
1349 1648 1511 1700 πατέρα.

186 1720 311 1759 καίτοι
344 1719 382 1759 εἴ
409 1735 457 1771 γε
488 1722 663 1760 τοιοῦτος
693 1717 812 1768 ἦσθα,
841 1718 945 1757 ὥστε
973 1716 1219 1767 ποιήσασθαι
1255 1718 1328 1767 μὲν
1366 1715 1514 1756 σαυτὸν

185 1785 422 1837 ἀναγκάσαι,
452 1783 498 1835 ἐξ
518 1786 611 1825 ὅτου
639 1783 673 1824 δ’
700 1784 858 1836 ἀρέσεις
896 1784 1030 1838 ἐκείνῳ
1066 1784 1211 1835 τρόπου
1246 1782 1298 1834 μὴ
1336 1786 1512 1828 σκοπεῖν,

185 1851 253 1892 οὐκ
287 1851 379 1902 ἧσθ’
406 1853 488 1892 οἷον
523 1853 585 1892 δεῖ
618 1851 685 1891 τὸν
722 1850 960 1903 προσήκοντ’
987 1850 1086 1891 εἶναι
1122 1851 1210 1901 περὶ
1235 1849 1322 1891 τοὺς
1359 1849 1512 1901 γονέας,

186 1918 254 1958 οὐκ
291 1917 345 1959 ὢν
375 1918 407 1959 δ’
434 1919 503 1958 οὐκ
533 1918 746 1970 ἐπηρεάζου
775 1917 931 1959 δικαίως
962 1916 1023 1963 ἄν,
1051 1916 1142 1956 ἀλλ’
1173 1917 1419 1957 ἀπωλώλεις.
1489 1912 1513 1965 ἢ

187 1986 315 2025 δεινόν
351 1984 389 2037 γ’
416 1984 467 2025 ἂν
503 1987 576 2034 εἴη,
604 1985 638 2024 εἰ
675 1986 771 2024 κατὰ
801 1986 876 2035 μὲν
910 1987 989 2024 τῶν
1019 1983 1096 2023 ὑπὸ
1124 1986 1192 2022 τοῦ
1221 1982 1366 2034 πατρὸς
1395 1983 1514 2022 αὐτοῦ

187 2051 451 2102 νομιζομένων
478 2053 628 2091 παίδων
652 2052 689 2090 οἳ
713 2050 803 2101 περὶ
826 2054 905 2091 τῶν
934 2050 1085 2102 γονέων
1120 2051 1362 2102 ἰσχύσουσιν
1388 2050 1511 2099 νόμοι,

188 2120 286 2158 κατὰ
309 2121 351 2159 δὲ
375 2122 453 2158 τῶν
472 2118 611 2159 αὑτοὺς
633 2117 946 2168 εἰσβιαζομένων
966 2117 1130 2158 ἄκοντας
1156 2119 1356 2157 ποιεῖσθαι
1380 2115 1515 2167 ἄκυροι

187 2184 438 2237 γενήσονται.

255 2251 383 2298 Ἀλλ’,
412 2249 441 2291 ὦ
476 2251 737 2304 χαλεπώτατε
762 2250 924 2297 Βοιωτέ,
950 2251 1128 2302 μάλιστα
1152 2253 1223 2301 μὲν
1255 2251 1309 2290 ὧν
1333 2249 1515 2301 πράττεις

234 2372 252 2392 2
277 2361 369 2393 οὐδὲν
389 2363 473 2393 ἄλλο
491 2362 528 2392 ἂν
545 2360 686 2393 Aristid.
791 2371 810 2400 3
836 2374 872 2393 σε
889 2372 952 2392 οῐη.
972 2361 1002 2391 A
1085 2363 1155 2393 ἐστί
1170 2361 1252 2392 secl.
1276 2361 1371 2391 Blass
1479 2369 1514 2389 11

189 2407 293 2436 ταῦτα
310 2409 387 2444 post
405 2405 509 2435 ταύτὰ
528 2404 561 2442 S,
580 2410 656 2443 post
675 2417 712 2436 σε
732 2403 794 2442 FQ
867 2415 904 2434 12
929 2406 1065 2436 σεαυτὸν
1079 2405 1159 2434 SD:
1185 2406 1305 2436 σαυτὸν
1317 2405 1406 2442 vu1g.
1475 2412 1514 2432 21

190 2451 257 2480 τοῖς
275 2448 356 2479 secl.
378 2448 492 2487 Blass,
511 2447 553 2478 cs.
569 2449 584 2484 ξ
602 2458 644 2486 40
733 2449 774 2478 26
798 2449 862 2480 οὐδ’
876 2448 1048 2489 ἐπηρεάζου
1065 2447 1094 2477 D
1159 2449 1337 2480 ἆπολώλεις
1355 2447 1378 2477 S
1393 2445 1458 2484 FQ
1472 2445 1516 2476 A¹

1545 121 1685 178 [1003]

1545 587 1584 621 31

1545 1065 1588 1099 32

1545 1116 1685 1171 [1004]

1544 1733 1587 1767 33

1547 2266 1592 2300 34
