1685 2772
5 115 131 171 [908]

1 436 127 491 [909]

563 121 1103 178 [ΔΗΜΟΣΘΕΝΟΎΣ]
1349 122 1497 178 [xxxlv

163 236 238 288 γὰρ
275 236 317 276 ἐν
353 238 406 290 τῷ
445 238 626 287 Πειραιεῖ
661 235 942 285 ἐπιδανείζεται
973 234 1102 289 λάθρα
1136 234 1247 285 ἡμῶν
1284 237 1389 287 παρὰ
1424 238 1497 287 μὲν

164 302 373 354 Θεοδώρου
399 306 467 342 τοῦ
483 303 668 344 Φοίνικος
682 303 1006 355 τετρακισχιλίας
1022 303 1286 344 πεντακοσίας
1305 303 1495 356 δραχμάς,

162 372 266 422 παρὰ
292 372 334 410 δὲ
359 373 427 409 τοῦ
452 368 672 421 ναυκλήρου
696 368 899 421 Λάμπιδος
925 371 1060 422 χιλίας
1087 369 1278 423 δραχμάς.
1349 369 1438 411 δέον
1463 370 1496 410 δ’

161 436 278 477 αὐτὸν
299 436 569 488 καταγοράσαι
585 438 729 488 φορτία
744 435 964 487 Ἀθήνηθεν
977 440 1087 487 μνῶν
1099 436 1238 477 ἑκατὸν
1255 436 1349 477 δέκα
1364 437 1494 484 πέντε,

162 505 194 544 εἰ
211 504 381 554 ἔμελλεν
406 508 490 545 τοῖς
508 507 732 545 δανεισταῖς
752 507 852 545 πᾶσι
877 502 1062 554 ποιήσειν
1086 505 1134 544 τὰ
1154 506 1197 544 ἐν
1215 509 1301 546 ταῖς
1319 521 1493 557 συγγρα-

161 574 254 623 φαῖς
287 570 555 623 γεγραμμένα,
589 571 634 610 οὐ
664 572 937 624 κατηγόρασεν
974 571 1067 611 ἀλλ’
1096 568 1119 621 ἢ
1158 573 1496 624 πεντακισχιλίων

161 638 224 677 καὶ
249 639 524 678 πεντακοσίων
550 641 750 690 δραχμῶν,
779 638 854 679 σὺν
884 641 936 692 τῷ
962 640 1215 693 ἐπισιτισμῷ·
1262 640 1420 691 ὀφείλει
1453 641 1494 679 δὲ

161 705 436 756 ἑβδομήκοντα
462 707 562 755 μνᾶς
590 706 652 745 καὶ
678 705 809 745 πέντε.
871 705 973 758 ἀρχὴ
1010 708 1083 756 μὲν
1108 706 1176 746 οῦν
1210 706 1305 756 αὕτη
1336 706 1494 758 ἐγένετο

158 775 226 811 τοῦ
252 771 504 823 ἀδικήματος,
524 770 552 811 ὦ
580 772 715 824 ἄνδρες
734 772 949 823 Ἀθηναῖοι·
993 773 1081 813 οὔτε
1106 774 1181 825 γὰρ
1200 773 1273 823 τὴν
1291 772 1494 824 ὑποθήκην

159 838 362 892 παρέσχεν
388 839 478 879 οὔτε
504 841 552 879 τὰ
576 838 745 892 χρήματ’
771 839 916 879 ἐνέθετ’
943 841 997 881 εἰς
1021 839 1093 890 τὴν
1118 843 1226 885 ναῦν,
1256 840 1494 891 κελευούσης

159 908 228 956 τῆς
258 907 498 958 συγγραφῆς
533 905 752 959 ἐπάναγκες
783 907 1022 947 ἐντίθεσθαι.
1100 908 1167 947 καί
1195 924 1262 958 μοι
1291 909 1397 959 λαβὲ
1422 907 1494 958 τὴν

160 972 411 1026 συγγραφήν·

721 1129 937 1158 ΣΤΓΓΡΑΦΗ.

227 1205 341 1254 Λαβὲ
367 1204 412 1255 δὴ
448 1205 510 1245 καὶ
535 1204 606 1254 τὴν
635 1207 711 1244 τῶν
742 1204 1124 1255 πεντηκοστολόγων
1157 1203 1396 1256 ἀπογραφὴν
1430 1205 1492 1245 καὶ

158 1271 229 1312 τὰς
253 1272 477 1323 μαρτυρίας.

566 1424 793 1451 ΑΠΟΓΡΑΦΗ.
844 1423 1071 1450 ΜΑΡΤῪΡΙΑΙ.

225 1503 381 1543 Ἐλθὼν
407 1504 540 1543 τοίνυν
567 1505 622 1546 εἰς
646 1503 714 1543 τὸν
753 1503 974 1555 Βόσπορον,
1009 1502 1114 1555 ἔχων
1151 1504 1369 1545 ἐπιστολὰς
1398 1503 1488 1556 παρ’

158 1573 263 1622 ἐμοῦ,
290 1571 335 1612 ἃς
355 1570 465 1611 ἔδωκ’
486 1569 589 1625 αὐτῷ
607 1571 837 1622 ἀπενεγκεῖν
861 1573 914 1623 τῷ
932 1570 1040 1609 παιδὶ
1065 1573 1118 1624 τῷ
1140 1570 1218 1624 ἐμῷ
1239 1570 1486 1622 παραχειμά-

159 1639 263 1688 ζοντι
294 1639 375 1678 ἐκεῖ
398 1637 461 1677 καὶ
494 1641 665 1691 κοινωνῷ
700 1638 791 1684 τινί,
819 1635 980 1689 γράψας
1013 1638 1055 1676 ἐν
1085 1642 1131 1693 τῇ
1157 1638 1351 1693 ἐπιστολῇ
1375 1638 1422 1677 τό
1445 1654 1488 1678 τε

157 1705 343 1757 ἀργύριον
373 1704 394 1744 ὃ
424 1705 681 1745 ἐδεδανείκειν
714 1705 776 1745 καὶ
806 1703 878 1754 τὴν
908 1702 1122 1753 ὑποθήκην,
1151 1705 1213 1744 καὶ
1243 1703 1485 1756 προστάξας,

157 1774 316 1813 ἐπειδὰν
341 1772 515 1825 τάχιστα
545 1772 727 1828 ἐξαιρεθῇ
753 1774 800 1811 τὰ
826 1770 1021 1823 χρήματα,
1051 1769 1246 1821 ἐξετάζειν
1273 1772 1335 1811 καὶ
1361 1788 1485 1823 παρα-

159 1842 376 1886 κολουθεῖν,
416 1841 486 1881 τὰς
520 1841 593 1890 μὲν
635 1839 851 1879 ἐπιστολὰς
894 1838 962 1877 οὐκ
1009 1838 1253 1879 ἀποδίδωσιν
1291 1838 1404 1880 οὗτος
1442 1839 1488 1882 ἂς

157 1907 307 1957 ἔλαβεν
331 1906 421 1958 παρ’
447 1908 552 1957 ἐμοῦ,
580 1907 643 1947 ἵνα
675 1909 796 1957 μηδὲν
829 1906 1029 1956 εἰδείησαν
1053 1906 1108 1945 ὧν
1143 1905 1334 1957 ἔπραττεν
1359 1906 1485 1952 οὗτος,

156 1974 395 2024 καταλαβὼν
421 1973 454 2013 δ’
472 1974 514 2014 ἐν
537 1977 589 2028 τῷ
611 1975 805 2028 Βοσπόρῳ
829 1974 1012 2026 μοχθηρὰ
1029 1975 1078 2013 τὰ
1096 1972 1306 2025 πράγματα
1331 1974 1394 2013 διὰ
1418 1973 1487 2014 τὸν

157 2040 368 2091 συμβάντα
392 2042 568 2091 πόλεμον
592 2041 644 2096 τῷ
668 2040 894 2097 Παιρισάδῃ
921 2040 1015 2092 πρὸς
1041 2040 1109 2080 τὸν
1136 2041 1288 2090 Σκύθην
1314 2042 1376 2081 καὶ
1409 2045 1486 2081 τῶν

197 2163 217 2190 3
242 2157 320 2191 post
337 2153 448 2192 χιλίας
465 2152 539 2182 add.
558 2150 702 2193 δραχμάς
721 2151 744 2181 S
758 2150 783 2181 F
799 2149 829 2189 Q
843 2151 872 2181 D
891 2150 993 2190 Pap.:
1020 2160 1083 2181 om.
1112 2149 1143 2180 A
1243 2162 1263 2189 4
1288 2150 1364 2182 δέκα
1387 2150 1484 2183 πέντε

156 2195 180 2226 S
195 2195 221 2225 F
234 2195 263 2234 Q
279 2195 308 2225 D
328 2195 429 2235 Pap.:
455 2197 505 2227 καὶ
523 2195 599 2227 δέκα
616 2196 666 2226 καὶ
684 2195 781 2226 πέντε
798 2194 849 2224 A:
876 2195 1081 2233 πεντήκοντα
1099 2193 1227 2224 Reiske
1361 2204 1380 2233 5
1405 2197 1484 2226 πᾶσι

154 2248 219 2270 om.
239 2238 304 2278 FQ
319 2240 346 2268 D
415 2238 660 2276 ποιήσεινΞΑε
685 2239 813 2275 ποιῆσαι
827 2237 907 2277 Pap.
928 2249 934 2268 ε
958 2240 1059 2270 ποιεῖν
1071 2238 1160 2277 vulg.
1253 2247 1292 2268 10
1316 2236 1484 2278 παρέσχεν

153 2282 207 2313 A:
232 2282 416 2324 παρέσχετο
433 2283 520 2321 vulg.
655 2282 697 2313 τὰ
721 2305 728 2312 .
757 2303 765 2311 .
792 2305 798 2311 .
828 2283 870 2313 εἷς
887 2291 952 2312 om.
976 2282 999 2311 S
1177 2282 1216 2312 16
1240 2286 1440 2313 MAPTTPIA
1458 2281 1482 2312 S

158 2327 194 2356 18
220 2327 309 2358 ἔδωκ’
327 2326 372 2357 S:
397 2326 506 2358 δέδωκ’
522 2325 611 2364 vulg.
746 2334 783 2354 21
812 2326 1039 2357 ἐπακολουθεῖν
1061 2324 1127 2364 FQ
1143 2324 1172 2354 D
1306 2335 1346 2363 23
1371 2324 1481 2364 οὗτος]

153 2369 228 2401 fort.
249 2369 341 2402 αὐτός
474 2380 516 2407 24
541 2370 581 2400 τὰ
597 2378 662 2400 om.
681 2367 711 2398 A
852 2378 893 2407 25
918 2368 1095 2411 Παιρισάδῃ
1115 2368 1229 2407 Dind.‚
1245 2368 1286 2398 cf.
1306 2368 1344 2400 C.
1360 2367 1385 2399 1.
1399 2368 1439 2399 G.
1459 2368 1481 2398 ii

152 2424 237 2452 2117
257 2425 262 2443 z
288 2413 469 2454 Παρεισάδῃ
489 2412 513 2443 S
529 2412 613 2451 FQ:
639 2412 809 2454 Παρυσάδῃ
827 2411 868 2443 Α.
915 2412 1031 2443 eadem
1049 2412 1191 2442 variatio
1210 2412 1282 2450 §36

1515 521 1533 554 5

1517 855 1555 877 10

1513 1300 1549 1332 Ῐ5

1508 1723 1547 1746 20

1508 2055 1544 2086 ²5
