1685 2772
97 128 233 184 xxvu]
514 129 646 170 KAT’
695 131 943 170 ΑΦΟΒΟΎ
991 132 1023 169 Α
1455 132 1573 187 [834]

91 243 239 297 πατρὸς
265 242 492 294 ἀξιωθεῖσα,
520 242 686 294 μηδενὸς
711 242 889 294 τεύξεται
912 246 990 283 τῶν
1010 243 1306 294 προσηκόντων,
1330 243 1421 283 ἀλλ’

93 311 228 364 ὥσπερ
260 311 446 364 ἔχθιστοί
475 327 591 356 τινες,
625 310 717 350 ἀλλ’
748 311 792 351 οὐ
823 310 936 362 φίλοι
971 309 1033 349 καὶ
1064 313 1271 362 συγγενεῖς
1305 326 1421 350 κατα-

92 377 326 430 λειφθέντες
345 377 458 418 οὐδὲν
476 380 543 428 τῆς
563 378 802 428 οἰκειότητος
829 377 1086 429 ἐφρόντισαν.
1142 376 1233 416 ἀλλ’
1256 377 1332 429 ἐγὼ
1351 379 1423 428 μὲν
1455 381 1501 416 66

93 446 113 485 ὁ
138 444 295 486 πάντων
320 445 665 497 ταλαιπωρότατος
697 444 793 497 πρὸς
827 443 1017 497 ἀμφότερ’
1043 445 1188 496 ἀπορῶ,
1219 444 1363 494 ταύτην
1389 444 1423 484 θ’

54 513 198 554 5ὅπως
230 513 327 552 ἐκδῶ
363 513 424 552 καὶ
459 511 574 552 τᾶλλ’
612 512 756 552 ὁπόθεν
792 514 937 552 διοικῶ.
996 511 1295 563 προσεπίκειται
1330 510 1364 551 δ’
1399 511 1423 562 ἡ

92 580 208 622 πόλις
241 577 393 629 ‹ig-‘cosa’
420 578 634 632 εἰσφέρειν,
671 579 840 620 δικαίως·
877 578 1019 619 οὐσίαν
1051 579 1127 631 γὰρ
1158 577 1294 629 ἱκανὴν
1326 577 1424 630 πρὸς

91 650 213 688 ταῦτα
242 645 452 687 κατέλιπέν
484 663 551 697 μοι
583 646 604 685 ὁ
637 644 776 698 πατήρ.
836 647 884 686 τὰ
923 647 965 686 δὲ
1003 644 1186 700 χρήματα
1212 646 1269 701 ,τὰ
1306 662 1420 685 κατα-

91 712 297 766 λειφθένθ’
322 713 428 754 οὗτοι
456 712 569 754 πάντ’
596 712 828 766 εἰλήφασιν.
889 713 952 753 καὶ
981 715 1049 754 νῦν
1081 714 1324 765 κομίσασθαι
1354 714 1419 752 τά-
1453 715 1498 758 67

91 784 240 832 μαυτοῧ
266 781 388 832 ζητῶν
412 782 467 823 εἷς
494 781 672 821 κίνδυνον
692 779 917 831 καθέστηκα
936 779 1006 821 τὸν
1025 779 1229 833 μέγιστον.
1281 779 1328 820 ἂν
1347 781 1422 832 γὰρ

35 863 74 886 10
93 848 281 904 ἀποφύγῃ
309 847 348 899 μ’
378 847 502 893 οὗτος,
539 846 558 887 ὃ
591 847 642 898 μὴ
678 846 847 900 γένοιτο,
882 847 952 897 τὴν
986 848 1216 898 ἐπωβελίαν
1251 845 1423 900 ὀφλήσω

92 917 191 966 μνᾶς
217 915 369 955 ἑκατόν.
426 915 487 954 καὶ
513 914 634 968 τούτῳ
659 913 743 965 μέν,
767 915 836 954 ἐὰν
863 915 1218 966 καταψηφίσησθε,
1246 914 1421 965 τιμητόν,

95 981 186 1022 κούκ
211 983 255 1022 ἐκ
277 985 356 1021 τῶν
381 983 519 1021 ἑαυτοῦ
543 980 770 1033 χρημάτων,
798 981 890 1021 ἀλλ’
917 982 959 1021 ἐκ
984 985 1062 1022 τῶν
1088 983 1192 1032 ἐμῶν
1217 979 1424 1031 ποιήσεται

93 1048 164 1098 τὴν
184 1048 368 1089 ἔκτεισιν·
406 1047 491 1098 ἐμοὶ
521 1046 553 1087 δ’
585 1048 773 1099 ἀτίμητον
804 1047 908 1088 τοῦτ’
939 1047 1063 1094 ἔστιν,
1100 1047 1196 1088 ὥστ’
1229 1047 1274 1088 οὐ
1301 1047 1424 1099 μόνον

93 1115 236 1166 ἔσομαι
259 1119 338 1155 τῶν
362 1112 549 1169 πατρῴων
574 1113 905 1166 ἀπεστερημένος,
933 1115 1039 1154 ἀλλὰ
1066 1116 1128 1155 καὶ
1158 1113 1253 1167 πρὸς
1277 1114 1419 1165 ἠτιμω-
1456 1144 1499 1198 [8
1561 1145 1573 1199 Ἰ

36 1196 72 1228 15
92 1181 222 1233 μένος,
250 1181 298 1222 ἂν
322 1181 373 1233 μὴ
404 1185 472 1222 νῦν
497 1181 598 1232 ἡμᾶς
626 1182 737 1232 ὑμεῖς
770 1180 975 1231 ἐλεήσητε.
1039 1180 1176 1232 δέομαι
1208 1181 1276 1221 οὖν
1299 1182 1420 1231 ὑμῶν,
1454 1155 1553 1246 6835

93 1246 121 1288 ὦ
147 1248 284 1301 ἄνδρες
316 1249 506 1298 δικασταί,
547 1248 606 1288 καὶ
640 1249 796 1289 ἱκετεύω
831 1248 893 1288 καὶ
924 1248 1139 1299 ἀντιβολῶ,
1173 1247 1423 1299 μνησθέντας

95 1316 157 1357 καὶ
181 1319 259 1356 τῶν
283 1316 414 1367 νόμων
441 1315 503 1356 καὶ
528 1319 605 1356 τῶν
630 1316 756 1368 ὅρκων
781 1315 846 1356 οὓς
870 1315 1089 1366 ὀμόσαντες
1114 1314 1299 1364 δικάζετε,
1320 1319 1418 1365 βοη-

94 1384 215 1433 θῆσαι
253 1382 347 1434 ἡμῖν
384 1384 433 1423 τὰ
470 1383 612 1429 δίκαια,
651 1383 714 1423 καὶ
752 1382 804 1433 μὴ
840 1381 927 1434 περὶ
964 1382 1149 1423 πλείονος
1179 1383 1248 1423 τὰς
1284 1381 1423 1421 τούτου

95 1448 249 1499 δεήσεις
274 1446 297 1499 ἢ
323 1451 392 1492 τὰς
417 1449 607 1502 ἡμετέρας
640 1448 899 1500 ποιήσασθαι.
959 1450 1098 1489 δίκαιοι
1128 1448 1160 1488 δ’
1185 1448 1269 1488 ἔστ’
1295 1450 1422 1488 ἐλεεῖν

36 1529 74 1551 20
94 1516 138 1556 οὐ
162 1516 253 1558 τοὺς
279 1517 434 1558 ἀδίκους
458 1520 537 1557 τῶν
562 1517 792 1569 ἀνθρώπων,
817 1516 925 1557 ἀλλὰ
950 1516 1040 1558 τοὺς
1065 1516 1301 1568 παραλόγως
1326 1518 1418 1555 δυσ-

94 1586 322 1637 τυχοΰντας,
349 1584 437 1624 οὐδὲ
461 1583 552 1625 τοὺς
581 1584 693 1635 ὠμῶς
719 1585 839 1626 οὕτως
861 1582 1064 1635 τάλλότρι’
1090 1583 1421 1634 ἀποστεροῦντας,

94 1649 185 1691 ἀλλ’
209 1650 310 1702 ἡμᾶς
341 1650 434 1694 τοὺς
467 1650 593 1691 πολὺν
620 1651 766 1704 χρόνον
795 1651 850 1691 ὧν
883 1651 903 1690 ὁ
935 1649 1063 1702 πατὴρ
1095 1650 1186 1701 ἡμῖν
1213 1649 1423 1690 κατέλιπεν

95 1716 356 1771 στερομένους
381 1717 443 1758 καὶ
469 1717 564 1770 πρὸς
583 1717 657 1759 ὑπὸ
682 1718 831 1758 τούτων
854 1716 1135 1770 ὑβριζομένους
1161 1716 1223 1757 καὶ
1248 1720 1317 1757 νῦν
1335 1716 1423 1768 περὶ

95 1785 249 1835 ἀτιμίας
270 1784 577 1827 κινδυνεύοντας.
625 1785 728 1837 μέγα
747 1784 780 1825 δ’
799 1783 848 1826 ἂν
867 1785 975 1836 οἶμαι
994 1783 1181 1834 στενάξαι
1200 1783 1268 1824 τὸν
1287 1782 1420 1834 πατέρ’
1451 1787 1497 1831 69

34 1862 73 1895 25
93 1851 218 1903 ἡμῶν,
249 1852 283 1892 εἰ
311 1853 493 1892 αἴσθοιτο
525 1855 604 1893 τῶν
633 1855 805 1904 προικῶν
841 1852 903 1892 καὶ
933 1855 1011 1891 τῶν
1040 1853 1195 1903 δωρεῶν
1225 1851 1280 1890 ὧν
1305 1849 1420 1891 αὐτὸς

94 1919 246 1960 τούτοις
277 1917 433 1965 ἔδωκεν,
459 1920 556 1971 ὑπὲρ
581 1919 728 1959 τούτων
753 1921 821 1969 τῆς
851 1919 1077 1969 ἐπωβελίας
1101 1921 1169 1958 τὸν
1194 1918 1312 1957 αὑτοῦ
1335 1915 1419 1957 υἱὸν

95 1986 165 2036 ἐμὲ
198 1986 483 2032 κινδυνεύοντα,
520 1987 581 2026 καὶ
614 1985 761 2027 ἄλλους
792 1984 865 2036 μέν
897 2002 1006 2026 τινας
1038 1984 1110 2035 ἤδη
1142 1988 1219 2024 τῶν
1247 1987 1420 2024 πολιτῶν

139 2106 160 2135 3
184 2095 288 2136 οὐδὲν]
309 2095 381 2128 οὐδὲ
398 2096 422 2126 S
581 2106 618 2125 12
643 2097 718 2127 κούκ
736 2095 760 2126 S
777 2106 783 2125 τ
808 2096 857 2127 καὶ
876 2096 931 2126 οὐκ
948 2093 995 2124 A:
1021 2095 1076 2126 οὐκ
1094 2093 1119 2123 F
1287 2102 1324 2131 14
1349 2093 1423 2124 ἀπε·

100 2138 294 2180 στερημένος
320 2139 355 2179 S,
383 2139 422 2170 cf.
449 2139 554 2168 xxviii
581 2149 643 2170 21:
677 2139 889 2180 ἐστερημένος
912 2143 991 2169 cett.
1124 2137 1200 2179 πρὸς
1227 2136 1423 2175 ἠτιμωμένος

100 2182 124 2213 S
143 2194 150 2213 z
174 2182 456 2224 προσητιμωμένος
471 2182 562 2222 vulg.
703 2192 741 2221 15
766 2185 820 2214 νῦν
837 2192 901 2213 om.
919 2181 950 2211 A
1062 2181 1142 2219 ἡμᾶς
1161 2182 1246 2219 ὑμεῖς
1263 2178 1288 2210 S
1305 2190 1312 2209 :
1337 2181 1423 2218 ὑμεῖς

99 2228 132 2265 μ’
157 2230 235 2257 cett.
389 2236 425 2266 17
459 2228 509 2258 καὶ
535 2228 601 2258 τῶν
625 2225 727 2266 νόμων
750 2236 817 2257 om.
835 2225 865 2255 A
1019 2234 1062 2254 20
1093 2224 1175 2265 παρὰ
1199 2223 1302 2263 λόγον
1326 2222 1420 2255 Stob.

102 2269 194 2300 Flor.
223 2269 292 2300 xlvi
317 2270 361 2300 66
523 2280 564 2308 24
597 2269 728 2310 μεγάλα
751 2268 782 2299 Α
958 2277 998 2307 25
1032 2271 1098 2299 τῶν
1125 2270 1248 2308 δωρεῶν
1273 2266 1325 2298 καὶ
1358 2269 1424 2298 τῶν

102 2316 238 2354 προικῶν
253 2312 285 2343 Α
417 2314 460 2344 26
484 2311 596 2353 αὑτοῦ]
613 2314 710 2345 αὐτὸν
730 2312 772 2344 F:
799 2317 938 2351 propter
955 2312 1083 2342 hiatum
1100 2310 1178 2341 secl.
1200 2309 1299 2340 Blass
