1685 2772
107 144 273 200 xxxva]
428 149 588 188 ΠΡΟΣ
638 150 1099 188 HANTAINETON
1467 137 1593 193 [968]

104 259 264 312 ἄγοντα,
291 258 405 300 αὐτὸς
431 258 464 300 δ’
491 258 565 312 οὐχ
583 257 815 309 ὑπεξελθεῖν
836 259 1012 305 ἐκείνοις,
1034 262 1172 299 τοῦτον
1199 258 1231 299 δ’
1252 258 1342 312 οὐχὶ
1369 276 1440 298 κω-

104 326 215 367 λύειν
251 326 360 380 ἔχειν
396 327 549 378 ὅσαπερ
585 326 853 377 ἐμισθώσατο,
881 326 915 367 εἰ
947 327 1077 377 ποιοίη
1111 328 1160 366 τὰ
1191 327 1443 378 συγκείμενα.

104 394 253 435 τούτων
277 395 351 445 μὲν
373 392 420 444 δὴ
446 392 643 434 τοιούτους
672 393 801 433 ἀκούω
830 393 987 445 λόγους.
1062 394 1188 434 ἐκεῖνο
1214 392 1246 432 δ’
1271 392 1344 433 οἶδ’
1370 393 1441 440 ὅτι,
1475 401 1496 435 8

106 462 140 502 εἰ
162 463 236 513 μὲν
260 460 371 502 οὗτος
397 461 524 511 ἀληθῆ
548 459 660 512 λέγει
686 461 748 500 καὶ
774 461 883 500 δεινὰ
907 459 1120 506 πέπονθεν,
1143 461 1279 511 ὥσπερ
1300 460 1441 512 φησίν,

66 539 84 571 5
104 527 182 569 ὑπὸ
204 531 274 568 τοῦ
301 526 490 580 Εὐέργου,
517 526 602 579 ἔχει
627 527 738 577 δίκην
761 526 806 577 ἧς
837 524 1040 577 ἐτιμήσατ’
1069 527 1198 568 αὐτός·
1237 527 1344 566 εἶλεν
1369 527 1444 578 γὰρ

105 595 302 635 εἰσελθὼν
331 593 452 634 αὐτὸν
481 593 533 636 ὡς
556 594 668 644 ὑμᾶς,
698 593 760 633 καὶ
790 592 835 633 οὐ
863 592 989 643 δήπου
1015 597 1092 634 τῶν
1119 593 1246 634 αὐτῶν
1271 592 1376 645 παρά
1400 610 1441 633 τε

104 664 175 702 τοῦ
207 661 468 711 πεποιηκότος
503 660 650 701 δίκαιός
687 661 798 700 ἐστιν
834 661 945 710 δίκην
971 665 1118 710 λαβεῖν
1145 660 1207 700 καὶ
1232 659 1322 712 παρ’
1349 661 1442 711 ἐμοῦ

103 731 171 768 τοῦ
193 727 281 778 μηδ’
299 729 592 778 ἐπιδημοῦντος”
631 728 664 767 εἰ
685 725 717 766 δ’
737 727 758 766 ὁ
779 727 953 779 Εὔεργος
975 728 1104 777 ἀληθῆ
1124 726 1249 779 λέγει,
1271 743 1440 767 σεσυκο-

103 793 302 847 φάντηται
336 795 409 845 μὲν
448 793 500 836 ὡς
536 793 664 834 ἔοικεν
697 794 859 840 ἐκεῖνος,
901 794 980 846 ἐγὼ
1016 793 1048 834 δ’
1083 793 1164 834 οὐδ’
1205 793 1327 835 οὕτως
1365 797 1442 834 τῶν

44 881 86 904 10
103 861 232 902 αὐτῶν
261 859 444 913 φεύγοιμ’
476 859 524 901 ἂν
557 860 667 911 δίκην
700 861 873 903 εἰκότως.
947 861 999 903 ὡς
1033 861 1101 901 οὖν
1133 864 1256 901 ταῦτα
1288 864 1442 913 πρῶτον

104 929 232 980 ἀληθῆ
257 927 377 981 λέγω,
404 928 552 968 τούτων
576 927 667 970 τοὺς
690 927 887 981 μάρτυρας
913 928 1004 979 ὑμῖν
1031 927 1262 980 παρέξομαι.

662 1096 882 1126 ΜΑΡΤΎΡΕΣ.

162 1174 259 1217 (Ότι
299 1177 372 1226 μὲν
411 1175 542 1216 τοίνυν
586 1174 647 1215 καὶ
690 1175 841 1228 πρατὴρ
884 1174 932 1226 ῆν
974 1175 1066 1227 ἡμῖν
1108 1179 1186 1216 τῶν
1236 1174 1441 1226 κτημάτων
1472 1188 1493 1221 9

102 1243 230 1295 ὅσπερ
274 1241 320 1293 ἐξ
357 1243 481 1297 ἀρχῆς
522 1242 638 1284 αὐτὸς
680 1243 841 1293 ἐώνητο,
881 1243 944 1284 καὶ
991 1244 1090 1282 κατὰ
1131 1244 1201 1285 τὰς
1244 1241 1442 1293 συνθήκας
1473 1238 1601 1294 [969]

43 1329 82 1362 15
102 1309 215 1352 οὗτος
252 1309 497 1361 ἐμισθώσαθ’
544 1308 735 1361 ἡμέτερον
770 1307 816 1350 ὂν
852 1309 896 1349 τὸ
937 1308 1203 1363 ἐργαστήριον
1245 1309 1309 1350 καὶ
1348 1310 1441 1351 τάν-

103 1376 292 1428 δράποδα,
343 1376 406 1416 καὶ
452 1376 542 1416 οὔτε
588 1378 718 1428 παρῆν
768 1377 846 1429 ἐγὼ
893 1379 976 1418 τοῖς
1022 1378 1124 1428 μετὰ
1174 1379 1297 1417 ταῦτα
1342 1376 1441 1430 πρὸς

103 1444 280 1496 Εὔεργον
305 1443 429 1498 τούτῳ
455 1444 696 1496 πραχθεῖσιν
722 1442 802 1484 οὔτ’
834 1442 1054 1495 ἐπεδήμουν
1083 1445 1199 1490 ὅλως,
1226 1442 1374 1497 ἔλαχέν
1398 1461 1441 1485 τε

103 1512 214 1561 δίκην
244 1511 379 1564 ἐκείνῳ
410 1510 472 1550 καὶ
501 1509 617 1550 οὐδὲν
646 1509 799 1551 πώποθ’
829 1510 923 1562 ἡμῖν
956 1510 1148 1557 ἐνεκάλει,
1177 1511 1333 1551 ἀκούετε
1363 1514 1440 1552 τῶν

101 1577 318 1629 μαρτύρων,
362 1575 391 1616 ὦ
433 1575 572 1628 ἄνδρες
614 1578 812 1618 δικασταί.
885 1577 1020 1628 ἐπειδὴ
1062 1578 1194 1618 τοίνυν
1241 1578 1441 1630 ἀφικόμην
1476 1592 1519 1617 10

43 1662 84 1686 20
103 1645 252 1698 σχεδόν
276 1660 314 1684 τι
339 1642 451 1684 πάντ’
477 1644 745 1686 ἀπολωλεκὼς
775 1644 837 1684 ὅσ’
867 1645 972 1698 ἔχων
1003 1642 1240 1694 ἐξέπλευσα,
1269 1645 1441 1686 ἀκούσας

103 1711 167 1752 καὶ
205 1711 446 1762 καταλαβὼν
483 1714 624 1751 τοῦτον
664 1713 737 1762 μὲν
774 1712 1044 1764 ἀφεστηκότα,
1088 1711 1158 1752 τὸν
1193 1711 1226 1751 δ’
1264 1711 1440 1763 Εὔεργον

103 1779 248 1832 ἔχοντα
274 1777 335 1818 καὶ
362 1777 562 1830 κρατοῦνθ’
581 1779 636 1819 ῶν
656 1777 871 1830 ἐωνήμεθα,
896 1781 1130 1829 θαυμαστῶς
1155 1777 1206 1820 ὡς
1225 1777 1438 1829 ἐλυπήθην,

103 1846 204 1898 ὁρῶν
230 1845 274 1885 τὸ
298 1844 459 1897 πρᾶγμά
482 1862 549 1896 μοι
572 1845 832 1898 περιεστηκὸς
862 1848 917 1888 εἷς
947 1845 1108 1886 ἄτοπον·
1145 1842 1168 1895 ἢ
1198 1847 1273 1898 γὰρ
1302 1862 1438 1886 κοινω-

103 1917 185 1954 νεῖν
224 1912 303 1953 ἔδει
340 1914 408 1963 τῆς
446 1913 636 1965 ἐργασίας
673 1913 736 1953 καὶ
772 1917 851 1954 τῶν
887 1915 1123 1965 ἐπιμελειῶν
1164 1915 1218 1967 τῷ
1262 1911 1435 1966 Εὐέργῳ,

43 1996 82 2030 25
102 1976 126 2030 ἢ
151 1979 331 2033 χρήστην
356 1980 442 2020 ἀντὶ
466 1972 606 2021 τούτου
629 1980 697 2021 τὸν
724 1982 899 2034 Εὔεργον
930 1982 1051 2035 ἔχειν,
1080 1979 1143 2020 καὶ
1167 1979 1264 2032 πρὸς
1289 1980 1438 2020 ἐκεῖνον

104 2046 225 2087 πάλιν
249 2047 449 2098 μίσθωσιν
474 2046 646 2099 γράφειν
672 2048 734 2089 καὶ
759 2049 1012 2099 συμβόλαιον
1037 2049 1253 2089 ποιεῖσθαι·
1290 2047 1438 2087 τούτων

104 2113 138 2153 δ’
163 2113 365 2165 οὐδέτερον
391 2114 656 2170 προῃρούμην.
722 2116 847 2164 ἀηδῶς
872 2115 905 2155 δ’
932 2114 1036 2168 ἔχων
1060 2117 1117 2157 οἶς
1141 2114 1248 2168 λέγω
1273 2114 1436 2160 τούτοις,
1473 2131 1512 2157 11

148 2234 168 2253 2
192 2224 313 2263 ὅσαπερ
331 2226 379 2263 ἐμ.
400 2223 489 2261 vulg.
509 2223 533 2254 S
551 2233 658 2256 corn:
685 2224 747 2256 ὅσα
762 2237 874 2266 παρεμ.
895 2223 953 2256 Sl:
978 2225 1040 2257 ὅσα
1057 2228 1105 2265 ἐμ.
1124 2225 1155 2256 Α
1297 2227 1319 2256 6
1343 2227 1440 2259 αὐτὸν

105 2267 258 2299 εἰσελθὼν
278 2267 342 2298 SA
446 2267 502 2307 ὣς]
522 2268 566 2299 εἷς
583 2267 613 2297 Α
764 2268 784 2297 8
807 2267 850 2309 δ’]
870 2267 905 2300 δὲ
924 2270 973 2300 καὶ
992 2267 1024 2298 Α
1174 2280 1195 2308 9
1220 2271 1319 2302 οὕτως
1336 2270 1438 2301 etiam

103 2308 175 2340 AD
327 2320 363 2349 14
390 2311 490 2351 ὅσπερ
509 2310 596 2349 vulg.
615 2310 646 2340 A
665 2320 752 2341 corr.
769 2322 776 2341 ε
801 2312 906 2353 ὥσπερ
924 2312 947 2342 S
961 2311 1005 2341 A¹
1129 2318 1203 2351 post
1224 2315 1342 2351 ἐώνητο
1359 2313 1436 2344 add.

105 2356 121 2385 ὁ
139 2356 328 2391 Μνησικλῆς
346 2354 376 2384 Α
557 2355 595 2384 18
619 2355 711 2391 δίκην
734 2354 822 2393 vulg.
840 2366 846 2385 ε
869 2356 930 2393 τὴν
949 2358 1038 2392 δίκην
1060 2354 1090 2384 Α
1110 2356 1225 2386 *Blass
1250 2357 1325 2387 coll.
1345 2359 1360 2393 ξ
1383 2358 1435 2395 18)

105 2397 180 2436 ἡμῖν
196 2397 316 2429 πώποτ’
335 2397 366 2426 Α
514 2407 554 2434 24
581 2399 753 2436 ἐπιμελιῶν
770 2397 819 2438 8¹,
840 2398 880 2429 cf.
901 2399 1046 2428 CrOnert
1067 2398 1166 2428 Mem.
1187 2399 1306 2431 Graec.
1328 2399 1433 2431 Herc.

104 2450 136 2479 p.
154 2450 208 2478 31,
227 2451 258 2470 n.
279 2451 295 2479 7
431 2450 470 2478 27
497 2441 560 2472 οὐδ’
579 2440 687 2481 ἕτερον
706 2442 729 2471 S
747 2440 789 2472 al.

1248 2498 1305 2529 10*
