1685 2772
165 97 313 151 xxm]
557 100 717 138 ΠΡΟΣ
766 100 1106 138 ΦΟΡΜΙΩΝΑ
1530 88 1657 142 [909]

166 212 341 265 φορτίων
359 212 414 252 ὧν
433 211 530 263 ἦγεν
549 210 706 260 πολλὴν
727 211 942 262 ἀπρασίαν,
965 210 1007 249 ἐν
1031 208 1142 265 πάσῃ
1169 209 1312 262 ἀπορίᾳ
1338 208 1397 259 ἦν·
1437 209 1499 249 καὶ

166 281 242 332 γὰρ
261 281 298 320 οἱ
314 279 518 319 δανεισταὶ
539 279 696 331 εἴχοντο
716 278 836 318 αὐτοῦ
861 278 897 317 οἱ
917 278 964 316 τὰ
990 277 1209 328 ἑτερόπλοα
1230 276 1497 317 δανείσαντες.

165 347 271 386 ὥστε
295 349 364 385 τοῦ
389 343 607 396 ναυκλήρου
633 344 864 386 κελεύοντος
896 343 1015 384 αὐτὸν
1041 345 1138 383 κατὰ
1162 343 1233 393 τὴν
1260 342 1500 395 συγγραφὴν
1531 358 1553 394 9

166 414 391 454 ἐντίθεσθαι
416 413 466 452 τὰ
489 411 751 464 ἀγοράσματα
775 415 854 452 τῶν
878 411 982 461 ἐμῶν
1007 409 1233 464 χρημάτων,
1254 409 1363 450 εἶπεν
1388 410 1499 450 οὗτος

127 491 145 523 5
167 481 187 520 ὁ
212 483 280 520 νῦν
305 478 474 532 φάσκων
499 477 788 519 ἀποδεδωκέναι
814 482 858 518 τὸ
884 479 1063 531 χρυσίον,
1090 478 1151 517 ὅτι
1175 478 1244 517 οὐκ
1269 476 1318 517 ἂν
1343 477 1500 517 δύναιτο

167 545 354 587 ἐνθέσθαι
379 547 434 588 εἰς
458 545 530 595 τὴν
554 549 648 586 ναῦν
674 547 722 585 τὰ
747 544 945 598 χρήματα·
1005 544 1181 596 ἄπρατον
1206 546 1281 596 γὰρ
1308 544 1409 584 εἶναι
1433 543 1502 584 τὸν
1534 540 1651 595 [910]

165 615 313 666 ῥῶπον.
368 613 429 652 καὶ
454 614 606 653 ἐκεῖνον
625 615 697 662 μὲν
715 611 897 653 ἐκέλευεν
922 611 1156 664 ἀνάγεσθαι,
1180 610 1295 652 αὐτὸς
1320 610 1366 657 δ’,
1394 612 1499 651 ἐπει-

166 682 239 720 δὰν
263 682 444 730 διαθῆται
467 681 516 719 τὰ
541 680 700 732 φορτία,
723 679 788 732 ἐφ’
809 678 944 730 ἑτέρας
969 679 1066 720 νεὼς
1092 679 1169 731 ἔφη
1192 678 1500 719 ἐκπλεύσεσθαι.

168 748 234 788 καί
253 764 321 798 μοι
344 745 440 799 λέγε
465 746 612 797 ταύτην
636 746 707 797 τὴν
731 746 958 798 μαρτυρίαν.

107 881 120 904 1
127 882 148 903 ο
728 877 939 904 MAPTTPIA.

235 948 350 987 Μετὰ
370 949 492 986 ταῦτα
524 946 668 992 τοίνυν,
690 943 719 986 ὦ
745 944 881 997 ἄνδρες
909 945 1126 996 Ἀθηναῖοι,
1154 945 1267 988 οὗτος
1290 948 1361 997 μὲν
1388 947 1429 987 ἐν
1455 948 1506 1002 τῷ
1538 961 1582 986 10

169 1015 364 1068 Βοσπόρῳ
391 1013 687 1059 κατελέλειπτο,
723 1013 743 1052 ὁ
780 1015 822 1053 δὲ
859 1012 1017 1064 Λάμπις
1044 1014 1229 1066 ἀναχθεὶς
1256 1013 1504 1066 ἐναυάγησεν

168 1081 214 1121 οὐ
248 1082 400 1132 μακρὰν
426 1080 502 1120 ἀπὸ
537 1084 605 1120 τοῦ
637 1080 838 1132 ἐμπορίου·
893 1080 1186 1132 γεγεμισμένης
1216 1083 1292 1133 γὰρ
1327 1081 1399 1131 ἤδη
1436 1084 1505 1132 τῆς

168 1148 277 1194 νεώς,
306 1148 358 1189 ὡς
382 1147 586 1197 ἀκούομεν,
613 1149 771 1198 μᾶλλον
801 1150 870 1186 τοῦ
903 1146 1075 1194 δέοντος,
1104 1147 1415 1199 προσανέλαβεν
1440 1149 1504 1189 ἐπὶ

112 1231 147 1262 15
169 1214 212 1254 τὸ
239 1213 503 1266 κατάστρωμα
527 1215 662 1267 χιλίας
687 1214 856 1265 βύρσας,
885 1214 976 1254 ὅθεν
1005 1214 1067 1254 καὶ
1098 1215 1120 1265 ἡ
1149 1216 1345 1267 διαφθορὰ
1371 1220 1417 1271 τῇ
1443 1216 1505 1266 νηὶ

171 1280 337 1332 συνέβη.
409 1280 473 1320 καὶ
509 1279 624 1322 αὐτὸς
658 1282 730 1331 μὲν
756 1280 945 1330 ἀπεσώθη
982 1282 1024 1321 ἐν
1053 1281 1105 1336 τῷ
1127 1281 1269 1336 λέμβῳ
1306 1283 1403 1332 μετὰ
1428 1286 1506 1323 τῶν

170 1347 306 1388 ἄλλων
326 1347 476 1387 παίδων
501 1351 579 1387 τῶν
606 1348 774 1393 Δίωνος,
803 1347 1015 1388 ἀπώλεσεν
1037 1350 1078 1388 δὲ
1105 1348 1230 1389 πλέον
1255 1345 1506 1400 ἦτριάκοντα

172 1415 338 1465 σώματα
363 1414 550 1466 ἐλεύθερα
569 1414 690 1467 χωρὶς
710 1418 789 1454 τῶν
815 1413 964 1455 ἄλλων.
1026 1419 1181 1456 πολλοῦ
1206 1418 1247 1456 δὲ
1273 1415 1436 1457 πένθους
1463 1418 1506 1457 ἐν

170 1483 224 1536 τῷ
251 1481 445 1535 Βοσπόρῳ
482 1483 594 1522 ὄντος
626 1481 677 1522 ὡς
711 1482 904 1522 ἐπύθοντο
941 1481 1012 1532 τὴν
1047 1483 1268 1536 διαφθορὰν
1297 1485 1364 1532 τῆς
1395 1484 1503 1530 νεώς,

112 1566 152 1587 20
171 1548 446 1599 ηὐδαιμόνιζον
472 1549 685 1601 Φορμίωνα
711 1548 855 1591 πάντες
881 1550 1051 1596 τουτονί,
1080 1551 1141 1590 ὅτι
1161 1551 1249 1590 οὔτε
1276 1549 1505 1603 συνανήχθη

172 1616 260 1656 οὔτε
277 1614 433 1656 ἐνέθετο
451 1617 506 1657 εἷς
524 1615 595 1665 τὴν
620 1619 715 1656 ναῦν
736 1615 861 1657 οὐδέν.
927 1616 1167 1667 συνέβαινεν
1186 1619 1227 1657 δὲ
1246 1616 1350 1668 παρά
1369 1634 1410 1657 τε
1429 1621 1506 1657 τῶν

172 1682 307 1722 ἄλλων
333 1682 396 1723 καὶ
422 1684 528 1735 παρὰ
553 1682 693 1723 τούτου
723 1684 744 1722 ὁ
777 1683 893 1726 αὐτὸς
919 1684 1051 1736 λόγος.
1117 1685 1185 1725 καί
1205 1701 1272 1735 μοι
1308 1683 1507 1736 ἀνάγνωθι

171 1750 314 1791 ταύτας
337 1751 406 1792 τὰς
429 1750 652 1802 μαρτυρίας.

721 1883 947 1911 ΜΑΡΤΎῬΙΑΙ.

114 1963 151 1995 25
239 1949 366 1992 Αὐτὸς
401 1953 475 2001 μὲν
510 1952 643 1992 τοίνυν
669 1952 689 1991 ὁ
725 1951 895 2003 Λάμπις,
925 1951 953 2008 ᾧ
976 1958 1105 2005 φησιν
1135 1950 1426 1993 ἀποδεδωκέναι
1462 1951 1507 1992 τὸ
1541 1966 1579 1992 11

171 2018 341 2070 χρυσίον
359 2015 495 2073 (τούτῳ
521 2019 596 2070 γὰρ
621 2018 844 2072 προσέχετε
869 2019 937 2060 τὸν
962 2018 1079 2069 νοῦν),
1098 2020 1394 2072 προσελθόντος
1413 2018 1514 2073 αὐτῷ

218 2138 238 2159 2
262 2128 455 2169 ἑτερόπλοια
470 2128 566 2159 codd.
587 2129 642 2159 hic
659 2133 693 2158 et
711 2139 818 2168 paene
837 2134 1036 2160 constanter
1170 2140 1187 2168 7
1211 2132 1316 2171 ῥῶπον
1327 2128 1505 2160 Valesius:

173 2173 301 2213 ὤρωπον
318 2171 368 2202 A:
395 2177 522 2203 αῆππ
537 2171 569 2201 in
588 2182 652 2202 ras.
672 2171 715 2202 S:
743 2173 906 2213 ἄνθρωπον
923 2172 993 2212 (vel
1011 2175 1101 2213 ἄνοΝν)
1118 2173 1208 2213 vulg.
1364 2184 1386 2213 9
1410 2172 1505 2213 λέγε]

173 2214 257 2252 λαβὲ
274 2215 305 2245 Α
450 2225 487 2244 12
513 2215 750 2247 κατελέλειπτο
770 2216 810 2252 D,
832 2226 897 2254 mg.
917 2217 968 2246 ed.
990 2216 1093 2247 Paris.
1114 2227 1142 2248 a.
1165 2227 1266 2256 1570:
1292 2217 1507 2249 κατελείπετο

173 2258 199 2289 S
216 2269 223 2288 ε
248 2257 489 2290 καταλέλειπτο
509 2263 586 2289 cett.
691 2261 729 2289 16
754 2259 856 2297 ἐσώθη
874 2259 905 2290 Α
1013 2271 1048 2299 17
1075 2264 1139 2292 τῶν
1158 2260 1292 2301 Δίωνος]
1314 2263 1371 2292 τοῦ
1388 2261 1507 2292 Δίωνος

174 2301 199 2333 S
213 2301 244 2331 A
318 2301 491 2343 τριάκοντα
508 2312 572 2340 mg.
588 2302 639 2332 ed.
653 2301 758 2332 Paris.
775 2313 803 2333 a.
821 2312 903 2341 1570
921 2314 928 2333 :
951 2303 1121 2344 τριάκοσια
1138 2303 1161 2334 S
1179 2304 1268 2342 vulg.
1288 2315 1294 2334 ε
1318 2302 1463 2335 διακόσια
1477 2301 1508 2332 Α

178 2346 216 2375 18
241 2345 393 2386 ἐλεύθερα
411 2345 488 2376 hab.
506 2345 538 2375 A
555 2345 658 2381 soluS‚
680 2345 719 2377 cf.
739 2348 864 2378 πολλοῦ
882 2345 1014 2379 πένθους
1127 2357 1169 2377 20
1192 2348 1356 2387 Φορμίωνα
1372 2345 1403 2376 Α
1418 2358 1424 2377 ;
1449 2347 1508 2378 τὸν

172 2394 209 2421 Φ.
226 2389 316 2427 vulg.
451 2399 491 2418 22
516 2389 587 2430 παρ’
609 2383 704 2421 αι’ῘῆὌῦ
720 2389 839 2421 τούτου
854 2389 885 2419 Α
1019 2400 1058 2429 25
1083 2390 1141 2430 μὲν
1158 2401 1223 2421 om.
1243 2390 1272 2420 A
