1685 2772
34 108 181 164 [1008]

31 663 183 751 [10095

625 114 1145 172 [ΔΗΜΟΣΘΕΝΟΎΣ]
1481 115 1545 170 [XL

215 231 291 281 γὰρ
314 229 439 280 μόνον
458 228 641 283 ἀτύχημά
663 247 730 282 μοι
758 229 804 280 ἐξ
826 232 952 284 ἀρχῆς
978 230 1149 283 ἐγένετο,
1169 230 1267 270 διότι
1292 231 1498 283 Πλαγγὼν
1521 231 1544 282 ἡ

214 297 362 336 τούτων
378 295 505 349 μήτηρ
525 295 814 347 ἐξαπατήσασα
838 297 906 337 τὸν
924 297 1075 349 πατέρα
1097 315 1172 349 μου
1189 298 1250 338 καὶ
1272 296 1546 349 ἐπιορκήσασα

216 368 410 416 φανερῶς,
443 363 672 416 ἠνάγκασεν
703 364 821 405 αὐτὸν
853 366 1061 416 ὑπομεῖναι
1092 365 1250 406 τούτους
1286 363 1544 414 ποιήσασθαι,

216 432 279 471 καὶ
304 432 368 470 διὰ
392 435 506 471 τοῦτο
529 432 579 471 τὰ
597 430 665 472 δύο
689 431 787 483 μέρη
803 435 884 472 τῶν
901 429 1094 487 πατρῴων
1114 430 1402 483 ἀπεστερήθην·
1439 432 1546 472 ἀλλὰ

215 497 312 550 πρὸς
327 498 479 539 τούτοις
496 496 740 550 ἐξελήλαμαι
759 501 832 550 μὲν
859 500 902 539 ἐκ
919 501 990 549 τῆς
1016 497 1199 554 πατρῴας
1218 499 1342 539 οἰκίας
1359 497 1435 539 ὑπὸ
1454 499 1542 538 τού·
1564 513 1582 545 5

215 582 306 611 των,
335 567 377 605 ἐν
399 564 428 622 ᾗ
451 566 512 605 καὶ
535 566 727 617 ἐγενόμην
745 566 808 606 καὶ
830 566 1019 619 ἐτράφην,
1039 566 1104 607 καὶ
1128 567 1183 607 εἰς
1202 564 1250 616 ἣν
1274 565 1347 618 οὐχ
1373 565 1393 605 ὁ
1416 565 1544 618 πατὴρ

215 631 354 674 αὐτοὺς
374 632 468 673 ἀλλ’
496 633 573 685 ἐγὼ
605 632 921 683 τελευτήσαντος
955 635 1104 673 ἐκείνου
1129 631 1417 684 παρεδεξάμην,
1445 634 1541 673 ἀπο·

215 702 427 751 στεροῦμαι
451 702 495 741 δὲ
517 700 590 750 τὴν
618 704 761 752 προῖκα
785 703 856 751 τῆς
884 702 1052 752 ἐμαυτοῦ
1076 701 1235 753 μητρός,
1263 699 1352 752 περὶ
1379 699 1428 751 ἧς
1459 700 1544 742 νυνὶ

213 766 428 817 δικάζομαι,
461 767 576 809 αὐτὸς
608 769 680 818 μὲν
713 768 867 810 τούτοις
896 769 1005 809 δίκας
1037 768 1134 819 ὑπὲρ
1161 769 1215 808 ὧν
1242 766 1454 807 ἐνεκάλουν
1477 784 1544 818 μοι

211 833 371 874 πάντων
396 835 585 880 δεδωκώς,
613 834 720 885 πλὴν
746 836 783 875 εἴ
812 852 900 875 τινα
925 839 994 875 νῦν
1018 835 1132 876 ἕνεκα
1155 837 1226 886 τῆς
1260 835 1365 884 δίκης
1400 834 1544 884 ταύτης
1565 852 1604 874 10

211 900 498 955 ἀντειλήχασίν
521 918 589 952 μοι
622 905 980 954 συκοφαντοῦντες,
1003 902 1054 943 ὡς
1085 902 1147 942 καὶ
1171 903 1260 953 ὑμῖν
1285 901 1399 942 ἔσται
1425 918 1539 941 κατα-

212 968 349 1020 φανές,
367 970 472 1021 παρὰ
498 970 539 1008 δὲ
555 969 706 1008 τούτων
732 970 775 1008 ἐν
795 971 934 1009 ἕνδεκα
953 972 1086 1010 ἔτεσιν
1101 969 1146 1009 οὐ
1171 968 1385 1019 δυνάμενος
1407 972 1543 1022 τυχεῖν

211 1039 288 1075 τῶν
323 1035 503 1086 μετρίων,
542 1036 649 1075 ἀλλὰ
679 1039 747 1075 νῦν
778 1037 833 1077 εἰς
862 1037 959 1086 ὑμᾶς
989 1032 1193 1087 [βοηθοὺς]
1223 1036 1541 1088 καταπεφευγώς.

211 1101 347 1153 δέομαι
372 1101 439 1142 οῦν
464 1101 651 1142 ἁπάντων
675 1103 795 1153 ὑμῶν,
824 1100 854 1142 ὦ
887 1102 1026 1155 ἄνδρες
1051 1103 1244 1148 δικασταί,
1278 1101 1362 1153 μετ’
1388 1102 1544 1144 εὐνοίας

210 1168 254 1209 τέ
276 1187 350 1220 μου
379 1169 545 1211 ἀκοῦσαι
575 1170 698 1210 οὕτως
723 1170 829 1211 ὅπως
854 1168 903 1209 ἂν
927 1170 1102 1219 δύνωμαι
1125 1168 1330 1221 λέγοντος,
1357 1167 1429 1209 κᾶν
1453 1170 1545 1220 ὑμῖν
1565 1184 1602 1216 15

211 1239 310 1276 δοκῶ
336 1237 444 1276 δεινὰ
469 1236 723 1282 πεπονθέναι,
748 1237 989 1289 συγγνώμην
1011 1236 1119 1289 ἔχειν
1137 1254 1204 1287 μοι
1232 1236 1408 1286 ζητοῦντι
1434 1236 1540 1286 κομί-

211 1307 362 1343 σασθαι
384 1304 594 1354 τάμαυτοῦ,
615 1303 751 1346 ἄλλως
775 1321 819 1345 τε
846 1303 908 1343 καὶ
934 1304 989 1344 εἰς
1014 1303 1205 1355 θυγατρὸς
1230 1303 1403 1343 ἔκδοσιν·
1447 1319 1541 1343 συν-

210 1370 285 1421 έβη
319 1370 394 1422 γάρ
428 1387 494 1421 μοι
525 1370 734 1420 δεηθέντος
773 1374 842 1410 τοῦ
880 1369 1026 1421 πατρὸς
1063 1369 1368 1420 ὀκτωκαιδεκέτη
1405 1372 1542 1422 γῆμαι,

212 1438 273 1477 καὶ
300 1440 362 1478 διὰ
385 1441 499 1477 τοῦτο
524 1437 626 1477 εἶναί
647 1455 715 1489 μοι
739 1437 935 1490 θυγατέρα
958 1437 1031 1488 ἤδη
1059 1437 1264 1490 ἐπίγαμον.
1336 1437 1432 1477 ὥστ’
1456 1437 1544 1488 ἐμοὶ

209 1507 281 1555 μὲν
320 1506 476 1546 δικαίως
515 1505 562 1545 ἂν
602 1504 843 1559 ἀδικουμένῳ
883 1507 946 1545 διὰ
982 1506 1118 1545 πολλὰ
1156 1503 1414 1555 βοηθήσαιτε,
1452 1505 1539 1544 τού·
1562 1522 1602 1544 20

209 1588 290 1613 τοις
315 1574 356 1612 δὲ
382 1572 541 1614 εἰκότως
560 1571 609 1612 ἂν
641 1573 880 1624 ὀργίζοισθε·
921 1574 1075 1618 οἵτινες,
1108 1570 1137 1612 ὦ
1158 1574 1208 1624 γῆ
1242 1573 1304 1612 καὶ
1330 1573 1425 1617 θεοί,
1453 1570 1542 1622 ἐξὸν

209 1638 339 1681 αὐτοῖς
364 1641 412 1678 τὰ
437 1640 564 1679 δίκαια
590 1638 786 1689 ποιήσασι
810 1639 862 1691 μὴ
895 1640 1060 1681 εἰσιέναι
1090 1641 1145 1681 εἰς
1180 1638 1446 1691 δικαστήριον,
1473 1638 1541 1679 οὐκ

209 1706 467 1759 αἰσχύνονται
501 1708 573 1757 μὲν
610 1705 976 1764 ἀναμιμνῄσκοντες
1014 1709 1112 1759 ὑμᾶς
1149 1708 1185 1747 εἴ
1217 1724 1254 1747 τι
1291 1703 1314 1757 ἢ
1355 1707 1374 1745 ὁ
1415 1705 1541 1758 πατὴρ

206 1774 315 1824 ἡμῶν
351 1773 404 1824 μὴ
441 1774 565 1824 ὀρθῶς
601 1773 838 1827 διεπράξατο
873 1772 897 1825 ἢ
935 1775 1040 1814 οῦτοι
1075 1775 1128 1815 εἰς
1166 1775 1316 1814 ἐκεῖνον
1352 1774 1538 1826 ἥμαρτον,

519 1841 548 1853 'x'

208 1840 474 1893 ἀναγκάζουσι
516 1853 535 1881 0
589 1843 656 1893 ἐμὲ
697 1842 926 1891 δικάζεσθαι
971 1843 1113 1883 αὑτοῖς.
1184 1842 1248 1881 ἵνα
1289 1843 1332 1881 δὲ
1368 1842 1542 1893 ἀκριβῶς
1560 1856 1597 1888 25

252 1962 271 1981 2
295 1951 433 1992 τούτων’]
451 1952 567 1984 τούτου
585 1953 615 1983 Α
780 1962 800 1992 5
826 1953 1044 1993 ἐξελήλασμαι
1064 1952 1088 1983 S
1102 1951 1132 1981 A
1144 1950 1174 1989 Q
1337 1953 1357 1982 6
1383 1951 1538 1993 ἐτράφην]

209 1995 352 2035 ἐγράφην
370 1996 393 2026 S
407 1995 438 2026 A
569 2007 603 2027 11
630 1998 680 2028 καὶ
700 2006 763 2026 om.
788 1997 812 2026 F
825 1996 855 2033 Q
982 2006 1018 2025 12
1042 1995 1166 2027 τούτων
1184 1995 1207 2025 S
1225 1995 1315 2034 vulg.
1333 2007 1341 2026 :
1365 1996 1492 2027 τούτοιν
1508 1995 1539 2025 Α

211 2039 350 2078 (Blass).
398 2040 461 2070 iarn
479 2045 591 2070 autem
608 2040 825 2070 obsoleverat
842 2039 951 2069 dualis
1065 2041 1099 2070 ἐν
1117 2038 1242 2078 ἕνδεκα]
1260 2040 1294 2069 ἐν
1310 2040 1387 2070 δέκα
1404 2038 1428 2069 S
1451 2039 1539 2076 (sine

208 2084 362 2119 accentu)
382 2083 412 2121 Q
424 2083 453 2112 D
548 2093 585 2122 13
609 2084 744 2121 βοηθοὺς
758 2083 860 2112 habet
879 2082 902 2112 S
916 2082 1020 2118 solus,
1038 2092 1107 2112 non
1121 2082 1223 2112 habet
1238 2084 1253 2118 ξ
1272 2083 1330 2114 18:
1356 2082 1419 2113 del.
1437 2081 1536 2113 Dind.

213 2128 251 2156 16
275 2129 355 2158 δοκῶ
373 2129 459 2159 δεινὰ
477 2127 511 2165 S,
532 2127 574 2159 cf.
595 2131 609 2164 ξ
627 2136 669 2165 35
685 2138 691 2156 :
718 2128 804 2158 δεινὰ
821 2128 902 2158 δοκῶ
919 2126 1009 2164 vulg.
1165 2125 1203 2154 18
1226 2138 1279 2164 μοι
1295 2138 1358 2166 ’γαρ
1375 2125 1413 2155 Sl
1433 2128 1534 2163 (corr.

209 2170 283 2201 ead.
302 2170 360 2208 m.)
383 2170 449 2208 FQ
532 2168 739 2202 ὀκτωκαίδεκ’
752 2170 810 2207 ἔτη
829 2168 853 2200 S
866 2169 954 2208 (sine
971 2168 1128 2207 accentu)
1147 2168 1213 2206 FQ
1232 2179 1239 2198 t
1264 2168 1467 2200 ὀκτωκαιδεκ’
1480 2171 1537 2207 ἐτῆ

207 2213 258 2244 A:
283 2213 536 2256 ὀκτωκαιδεκέτῃ
557 2214 585 2243 D
679 2224 717 2251 19
742 2213 820 2244 εἶναί
835 2226 886 2252 μοι
905 2212 947 2243 S:
974 2226 1026 2251 μοι
1044 2213 1121 2244 εἶναι
1139 2211 1226 2251 vulg.
1297 2222 1338 2242 20
1362 2213 1412 2244 διὰ
1428 2214 1537 2244 πολλὰ
1584 2213 1587 2216 ’

210 2256 296 2288 SD:
319 2268 384 2289 om.
402 2258 457 2287 A:
483 2257 517 2287 in
530 2271 581 2298 γρ.
601 2257 676 2287 hab.
694 2256 718 2286 F
732 2256 761 2294 Q
875 2265 916 2285 22
941 2257 984 2288 εἷς
1003 2256 1048 2286 S:
1076 2256 1119 2287 εἶς
1135 2257 1173 2286 τὸ
1190 2254 1278 2292 vulg.
1413 2265 1454 2294 23
1476 2255 1536 2295 μὲν

209 2311 273 2331 om.
293 2301 435 2331 Tzetzes
462 2301 565 2338 Exeg.
587 2301 619 2330 in
648 2300 741 2338 Iliad,
762 2310 792 2338 p.
812 2300 852 2338 85
951 2300 970 2336 ἢ
989 2301 1004 2330 ὁ
1022 2298 1045 2328 S
1063 2310 1069 2329 :
1094 2301 1110 2330 ὃ
1133 2298 1222 2337 vulg.
1240 2297 1382 2329 Tzetzes
1494 2308 1534 2338 25

211 2347 235 2376 δ’
255 2344 326 2385 ἐμὲ]
344 2344 381 2376 δέ
395 2358 433 2384 με
454 2345 476 2375 S
491 2344 520 2373 A
537 2344 566 2373 D
679 2344 816 2384 ἀκριβῶς
834 2353 897 2373 orn.
917 2342 982 2380 FQ
