1685 2772
45 115 180 171 [1019]

35 988 182 1043 μωη

142 1338 186 1372 39

145 1870 192 1902 4ο

618 119 1140 175 [ΔΗΜΟΣΘΕΝΟΎἉ
1475 120 1540 176 &L

211 235 408 286 δικάζεται
433 235 483 277 ὡς
509 238 698 287 πατρικὸν
725 233 995 288 κεκομισμένῳ
1016 233 1144 287 χρέως
1164 235 1268 286 παρὰ
1292 237 1362 285 τῆς
1387 235 1542 277 πόλεως

211 306 279 354 τῆς
307 303 601 353 Μυτιληναίων,
632 305 775 353 Καμμῦ
797 306 850 356 τῷ
877 304 1131 352 τυραννοῦντι
1151 301 1382 352 Μυτιλήνης
1398 303 1539 354 ὑπηρε-

212 375 302 416 τῶν,
330 369 371 412 ὃς
397 370 459 409 καὶ
483 371 572 420 ὑμῖν
601 374 708 425 κοινῇ
737 369 799 409 καὶ
824 368 911 419 ἐμοὶ
936 368 1015 422 ἰδίᾳ
1039 367 1182 421 ἐχθρός
1207 370 1331 408 ἐστιν.
1370 369 1431 409 ὅτι
1455 370 1496 409 δὲ
1523 369 1543 408 ὁ

212 436 338 489 πατὴρ
363 437 484 487 ἡμῶν,
511 435 557 486 ἣν
585 436 845 488 ἐψηφίσαντο
875 435 979 489 αὐτῷ
1010 437 1158 486 δωρεὰν
1192 437 1229 476 οἱ
1262 438 1540 485 Μυτιληναῖοι,

213 504 324 545 εὐθὺς
349 503 463 544 αὐτὸς
485 502 711 552 ἐκομίσατο,
732 501 794 542 καὶ
814 501 866 543 ὡς
884 502 998 541 οὐδὲν
1018 501 1214 553 ὠφείλετο
1234 502 1335 556 αὐτῷ
1354 501 1480 554 χρέως
1502 503 1543 543 ἐν

216 569 436 625 Μυτιλήνῃ,
464 574 542 609 τῶν
566 568 764 620 ὑμετέρων
791 569 926 621 φίλων
950 567 1168 620 παρέξομαι
1193 570 1420 621 μαρτυρίαν.

779 702 986 729 ΜΑΡΤΎῬῙΑ.

275 784 415 837 ’Έχων
443 784 586 829 τοίνυν,
623 781 653 823 ὦ
685 783 823 834 ἄνδρες
857 783 1053 828 δικασταί,
1088 782 1150 822 καὶ
1182 782 1289 822 ἄλλα
1318 783 1451 822 πολλὰ
1481 783 1545 824 καὶ

215 854 322 892 δεινὰ
358 851 507 903 λέγειν,
548 851 573 891 ἃ
614 850 727 892 οὗτος
770 851 832 890 καὶ
875 851 928 892 εἷς
966 851 1033 901 ἐμὲ
1075 850 1136 889 καὶ
1179 851 1233 891 εἷς
1270 851 1377 900 ὑμῶν
1420 849 1546 892 ἐνίους

214 918 448 970 ἡμάρτηκεν,
483 917 752 969 ἀναγκάζομαι
785 919 847 957 διὰ
880 917 924 957 τὸ
957 917 1096 969 ὀλίγον
1126 917 1230 957 εῖναί
1261 934 1328 968 μοι
1363 916 1407 957 τὸ
1442 917 1545 969 ὕδωρ

214 989 466 1038 παραλιπεῖν.
527 985 669 1036 νομίζω
696 986 737 1025 δὲ
764 985 827 1025 καὶ
849 986 891 1024 ἐκ
915 983 1063 1024 τούτων
1081 984 1173 1035 ὑμῖν
1194 985 1335 1026 ἱκανῶς
1355 984 1540 1024 ἐπιδεδεῖ-

214 1056 320 1106 χθαι,
349 1053 399 1095 ὡς
425 1052 470 1092 οὐ
493 1056 561 1092 τοῦ
585 1053 701 1092 αὐτοῦ
727 1052 932 1103 ἀνθρώπου
959 1051 1082 1097 ἐστίν,
1110 1052 1244 1102 ἀγῶνα
1267 1050 1341 1102 μέν
1364 1068 1431 1102 μοι
1457 1051 1546 1103 περὶ

215 1122 345 1173 φυγῆς
371 1118 674 1169 κατασκευάζειν
708 1119 770 1159 καὶ
801 1119 909 1161 δίκας
939 1118 1054 1159 οὐδὲν
1089 1117 1369 1170 προσηκούσας
1394 1116 1543 1167 δικάζε-

216 1189 323 1233 σθαι,
342 1187 438 1239 πρὸς
459 1189 499 1227 δὲ
515 1186 583 1227 τὸν
600 1186 800 1237 διαιτητὴν
816 1186 994 1226 ἀπαντᾶν
1011 1184 1301 1237 ἀπαράσκευον.
1336 1185 1442 1225 ὥστε
1457 1185 1546 1237 περὶ

214 1256 287 1306 μὲν
315 1254 463 1294 τούτων
493 1253 541 1294 ἂν
570 1255 750 1310 ἐπιχειρῇ
778 1252 926 1305 λέγειν,
958 1252 1027 1293 οὐκ
1066 1254 1197 1303 οἴομαι
1225 1254 1323 1303 ὑμᾶς
1357 1251 1543 1302 ἀποδέξε-

217 1324 322 1362 σθαι.
379 1321 427 1362 ἂν
448 1323 488 1362 δὲ
508 1320 609 1376 λέγῃ
635 1321 686 1362 ὡς
712 1319 912 1370 ἀξιοῦντος
938 1319 1056 1360 αὐτοῦ
1081 1318 1295 1372 ἐπιτρέψαι
1321 1320 1476 1359 Κόνωνι
1493 1323 1546 1374 τῷ

215 1387 411 1440 Τιμοθέου
452 1388 540 1440 περὶ
582 1387 768 1428 ἁπάντων
807 1388 885 1439 ἐγὼ
927 1387 996 1427 οὐκ
1039 1387 1266 1438 ἐβουλόμην
1309 1385 1544 1438 ἐπιτρέπειν,

218 1457 451 1506 ἐνθυμεῖσθε
477 1455 527 1496 ὡς
547 1453 745 1505 ἐξαπατᾶν
765 1455 864 1505 ὑμᾶς
885 1452 1147 1507 ἐπιχειρήσει.
1186 1454 1263 1506 ἐγὼ
1280 1455 1356 1506 γὰρ
1372 1453 1459 1505 περὶ
1475 1455 1548 1504 μὲν

218 1524 271 1563 ὧν
305 1524 346 1563 αἱ
382 1524 484 1562 δίκαι
518 1522 624 1562 οὔπω
661 1521 776 1563 τέλος
813 1521 936 1574 εἶχον,
969 1521 1125 1571 ἕτοιμος
1153 1520 1200 1572 ἦν
1231 1521 1455 1573 ἐπιτρέπειν
1485 1520 1548 1560 καὶ

221 1590 376 1630 Κόνωνι
402 1590 464 1630 καὶ
488 1588 598 1643 ἄλλῳ
615 1591 792 1645 διαιτητῇ
817 1590 905 1642 ἴσῳ,
927 1589 1004 1642 ὅτῳ
1024 1589 1136 1630 οὗτος
1160 1588 1364 1639 βούλοιτό
1403 1587 1491 1640 περὶ
1507 1589 1548 1628 δὲ

219 1659 272 1697 ὧν
297 1657 379 1709 τρὶς
409 1655 506 1708 πρὸς
532 1655 601 1696 τὸν
627 1654 827 1706 διαιτητὴν
853 1654 1158 1706 ἀπαντήσαντος
1190 1656 1327 1696 τούτου
1352 1655 1415 1695 καὶ
1440 1655 1545 1695 ἀντι-

221 1726 420 1765 δικοῦντος
450 1724 470 1762 ὁ
500 1725 572 1774 μὲν
604 1722 801 1773 διαιτητὴς
832 1722 991 1775 ἀπέγνω
1020 1739 1108 1773 μου,
1148 1723 1260 1764 οὗτος
1291 1724 1332 1762 δὲ
1360 1718 1435 1774 [ἐν]
1467 1725 1549 1763 τοῖς

220 1794 462 1843 γνωσθεῖσιν
489 1789 698 1841 ἐνέμεινεν,
727 1790 778 1831 ὡς
805 1791 866 1830 καὶ
891 1791 981 1841 ὑμῖν
1013 1789 1318 1842 μεμαρτύρηται,
1346 1788 1414 1829 οὐκ
1446 1787 1549 1843 ᾤμην

222 1859 369 1898 δίκαιον
397 1857 496 1898 εῖναι
521 1860 643 1897 ταῦτα
668 1856 791 1897 πάλιν
817 1856 981 1897 ἀνάδικα
1007 1857 1229 1909 γίγνεσθαι·
1267 1858 1308 1896 τί
1329 1857 1405 1908 γὰρ
1429 1855 1477 1896 ἂν
1503 1854 1549 1905 ἦν

222 1924 343 1976 πέρας
368 1925 461 1975 ἡμῖν
485 1928 553 1965 τοῦ
578 1927 823 1975 διαλυθῆναι,
853 1925 886 1964 εἰ
912 1925 959 1964 τὰ
993 1925 1090 1963 κατὰ
1115 1923 1207 1965 τοὺς
1232 1924 1374 1974 νόμους
1400 1926 1547 1972 διαιτη-

223 1992 341 2033 θέντα
356 1992 482 2032 λύσας
504 1991 622 2046 ἑτέρῳ
644 1992 820 2047 διαιτητῇ
839 1990 1042 2043 ἐπέτρεψα
1062 1990 1150 2042 περὶ
1167 1994 1245 2030 τῶν
1262 1990 1389 2030 αὐτῶν
1406 1991 1548 2041 ἐγκλη-

270 2111 283 2130 1
310 2099 413 2141 χρέως
431 2101 454 2131 S
467 2100 496 2138 Q
513 2104 710 2131 constanter
725 2111 731 2130 τ
757 2099 853 2141 χρέος
870 2099 957 2138 vulg.
1050 2110 1069 2129 2
1095 2102 1207 2139 Καμμῦ
1226 2100 1374 2139 Sauppe,
1386 2099 1428 2129 cs.
1441 2099 1546 2130 Bekk.

222 2144 353 2175 Anecd.
371 2154 404 2182 p.
426 2153 507 2184 1195
527 2156 533 2174 ι
560 2151 673 2183 Καμμη
693 2144 748 2184 (S)
766 2144 819 2174 vel
838 2143 951 2184 Κάμμῃ
971 2143 1067 2173 codd.
1251 2153 1283 2172 11
1312 2142 1346 2175 δὲ
1365 2143 1548 2173 Schaefer:

1581 933 1618 955 10

1581 1267 1618 1299 Ι5

1581 1935 1620 1967 25

222 2188 284 2229 ’γάρ
302 2188 397 2218 codd.
509 2198 545 2217 12
569 2188 628 2227 μέν
647 2189 690 2218 5:
717 2198 783 2217 om.
801 2187 889 2225 vulg.
996 2197 1032 2225 15
1058 2186 1110 2227 ἂν]
1130 2186 1149 2218 a
1165 2187 1203 2218 ἂν
1222 2186 1287 2224 FQ
1305 2197 1312 2216 ι
1337 2187 1374 2218 ἂν
1390 2186 1551 2219 Schaeser
1596 2200 1599 2202 -

223 2233 279 2262 οὐκ
296 2233 398 2270 οἴομαι
417 2230 481 2261 SA
495 2231 579 2272 pr.
595 2231 702 2271 Qypm
721 2231 842 2262 δίκαιον
853 2231 903 2261 καὶ
921 2229 945 2260 F
959 2229 988 2268 Q
1079 2230 1286 2270 ἀποδέξεσθαι
1304 2230 1327 2260 S
1341 2229 1549 2271 pr.Q·yp.:

225 2274 433 2314 ἀποδέξασθαι
452 2276 488 2306 ἂν
506 2273 602 2305 αὐτόν
620 2274 649 2303 Α
667 2274 730 2311 FQ
867 2274 904 2303 18
929 2273 984 2313 ὡς]
1005 2274 1032 2304 εἶ
1050 2273 1104 2313 (ὡς
1121 2273 1218 2311 SScr.)
1240 2273 1263 2303 F
1281 2284 1286 2302 τ
1312 2271 1399 2315 ᾖΑῑ
1425 2274 1500 2304 ὡσεὶ
1519 2273 1549 2302 D

228 2328 265 2357 19
289 2319 320 2349 αἱ
337 2318 418 2350 δίκαι
435 2318 536 2358 οὔπω]
555 2332 583 2349 αι
602 2321 630 2348 δι
647 2331 729 2348 ουπω
747 2318 798 2348 καὶ
816 2316 840 2347 S
958 2327 1000 2346 20
1024 2316 1131 2356 οὗτος]
1150 2318 1243 2349 αὐτὸς
1260 2316 1290 2345 Α
1405 2326 1445 2345 22
1470 2321 1549 2346 ante

225 2365 289 2393 τοῖς
307 2362 383 2392 add.
405 2364 439 2393 ἐν
456 2362 480 2392 S
495 2361 562 2398 FQ
578 2361 617 2397 D,
637 2361 675 2390 cf.
695 2360 761 2390 xvii
783 2370 833 2398 12,
853 2369 905 2397 14:
929 2370 993 2390 om.
1013 2360 1055 2399 A,
1071 2360 1110 2391 cf.
1134 2362 1149 2395 ξ
1170 2371 1221 2398 42,
1240 2360 1330 2390 Fuhr
1348 2359 1547 2389 Animadvv.

226 2406 256 2434 in
277 2406 354 2436 ΟΠ.
374 2405 443 2435 Att.
463 2416 492 2444 p.
514 2416 551 2443 51
690 2414 730 2442 25
755 2405 828 2435 τοὺς
846 2414 910 2434 orn.
931 2403 960 2433 A
976 2404 1005 2432 D
1097 2404 1284 2441 διετηθέντα
1301 2404 1325 2434 S
