1685 2772
61 91 186 150 ι[960]
642 99 1130 138 ΔΙ-ΙΜΟΣΘΕΝΟΎΣ
1400 94 1550 149 [ΧΧΧνῙ

220 211 325 262 ἦσθα
349 211 417 252 τὸν
443 212 607 265 χρόνον;
645 212 706 252 καὶ
732 212 789 253 τίς
815 210 882 251 οὐκ
908 211 1012 251 οἶδεν
1038 211 1116 250 ὅσα
1135 209 1346 263 πράγματα
1372 209 1554 261 πράττων

220 279 265 319 οὐ
303 278 516 325 πέπαυσαι,
559 279 603 318 οὐ
641 279 763 330 μόνον
800 279 909 320 δίκας
945 279 1046 320 ἰδίας
1082 278 1232 318 διώκων
1266 276 1334 316 οὐκ
1368 276 1556 317 ἐλάττους

220 347 398 396 ταυτησί,
434 347 541 386 ἀλλὰ
577 347 749 399 δημοσίᾳ
786 349 1048 398 συκοφαντῶν
1086 344 1148 384 καὶ
1182 345 1325 396 κρίνων
1354 345 1461 385 τίνας
1491 343 1554 390 οὕς

223 413 312 466 οὐχὶ
335 412 572 466 Τιμομάχου
599 413 827 465 κατηγόρεις
836 429 847 458 ;
875 412 964 466 οὐχὶ
990 413 1233 452 Καλλίππου
1258 414 1326 451 τοῦ
1351 413 1419 451 νῦν
1443 411 1557 451 ὄντος

77 479 191 534 [961]
224 482 266 520 ἐν
301 481 479 534 Σικελίᾳ;
519 480 564 520 οὔ
598 480 721 520 πάλιν
756 478 965 527 Μένωνος,·
998 480 1069 520 οὐκ
1104 477 1368 525 Αὐτοκλέους;
1408 477 1452 517 οὐ
1486 480 1555 516 Τι-
1578 494 1594 524 5

151 561 194 596 54
224 546 386 598 μοθέου,·
421 547 489 586 οὐκ
528 546 663 587 ἄλλων
701 550 884 594 πολλῶν;
919 546 1045 586 καίτοι
1087 549 1170 588 πῶς
1212 545 1297 598 ἔχει
1333 545 1459 597 λόγον
1496 543 1557 590 σέ,

225 613 533 666 Ἀπολλόδωρον
558 616 665 660 ὄντα,
693 614 884 666 πρότερον
908 617 986 654 τῶν
1011 617 1164 660 κοινῶν,
1189 613 1246 653 ὧν
1269 611 1388 664 μέρος
1410 610 1558 661 ἠδικοῦ,

227 682 337 732 δίκην
379 680 513 731 ἀξιοῦν
553 680 790 733 λαμβάνειν,
832 677 856 731 ἢ
898 684 976 721 τῶν
1016 681 1124 721 ἰδίων
1160 681 1216 720 ὧν
1256 682 1323 720 νῦν
1363 680 1558 731 ἐγκαλεῖς,

227 748 362 790 ἄλλως
391 766 434 789 τε
467 749 529 789 καὶ
559 748 800 799 τηλικούτων
835 750 972 795 ὄντων,
1006 747 1057 789 ὡς
1091 747 1142 788 σὺ
1172 745 1270 800 φής;
1306 747 1349 787 τί
1375 745 1462 786 ποτ’
1493 746 1561 785 οὖν

228 817 389 857 ἐκείνων
433 820 659 868 κατηγορῶν
702 815 806 856 τόνδ’
849 816 948 862 εἵας;
1001 814 1070 854 οὐκ
1115 814 1263 865 ἠδικοῦ,
1312 812 1404 854 ἀλλ’
1453 812 1561 863 οἶμαι
1583 826 1623 849 10

229 887 493 935 συκοφαντεῖς
535 887 614 925 νῦν.
688 883 855 935 ἡγοῦμαι
901 882 1044 929 τοίνυν,
1089 880 1118 922 ὦ
1162 881 1299 934 ἄνδρες
1339 879 1559 931 Ἀθηναῖοι,

228 949 387 991 πάντων
409 949 571 1001 μάλιστ’
598 952 652 992 εἷς
677 950 723 990 τὸ
747 949 894 1002 πρᾶγμ’
919 948 1020 990 εἶναι
1043 949 1192 989 τούτων
1215 947 1412 1001 μάρτυρας
1435 963 1560 1000 παρα-

229 1016 417 1071 σχέσθαι·
454 1017 522 1057 τὸν
553 1019 627 1070 γὰρ
663 1016 975 1069 συκοφαντοῦντ’
1009 1016 1069 1056 ἀεὶ
1101 1016 1142 1056 τί
1174 1015 1250 1068 χρὴ
1287 1015 1459 1066 νομίζειν
1493 1017 1562 1056 νῦν

157 1094 197 1130 55
230 1088 375 1131 ποιεῖν,·
416 1084 476 1124 καὶ
501 1084 546 1134 νὴ
570 1084 638 1124 Δί’
660 1083 790 1137 ἔγωγ’,
819 1082 848 1124 ὦ
872 1084 1010 1135 ἄνδρες
1036 1082 1253 1133 Ἀθηναῖοι,
1280 1082 1423 1133 νομίζω
1445 1079 1563 1122 πάνθ’

229 1152 308 1191 ὅσα
332 1154 399 1191 τοῦ
423 1152 569 1204 τρόπου
593 1155 662 1191 τοῦ
692 1151 923 1203 Φορμίωνός
952 1151 1040 1190 ἐστι
1070 1154 1214 1201 σημεῖα
1244 1149 1306 1189 καὶ
1334 1150 1402 1198 τῆς
1427 1148 1565 1188 τούτου
1587 1160 1624 1192 15

231 1218 481 1269 δικαιοσύνης
508 1218 570 1258 καὶ
596 1219 912 1271 φιλανθρωπίας,
942 1217 1004 1257 καὶ
1028 1217 1134 1257 ταῦτ’
1160 1218 1214 1258 εἷς
1233 1215 1278 1255 τὸ
1297 1214 1443 1268 πρᾶγμ’
1466 1213 1566 1255 εἶναι

231 1285 327 1338 πρὸς
346 1287 444 1336 ὑμᾶς
470 1287 606 1326 εἰπεῖν.
678 1286 698 1325 ὁ
722 1287 794 1336 μὲν
819 1286 895 1337 γὰρ
921 1284 1009 1336 περὶ
1034 1283 1147 1325 πάντ’
1174 1283 1306 1325 ἄδικος
1330 1281 1419 1335 τάχ’
1443 1281 1504 1327 ἄν,
1532 1282 1565 1321 εἰ

231 1352 358 1406 τύχοι,
404 1352 466 1393 καὶ
501 1356 640 1393 τοῦτον
682 1352 820 1403 ἠδίκει·
859 1353 879 1391 ὁ
918 1354 960 1392 δὲ
1001 1350 1150 1403 μηδένα
1196 1352 1317 1401 μηδὲν
1359 1348 1564 1399 ἠδικηκώς,

232 1419 409 1462 πολλοὺς
434 1419 466 1459 δ’
493 1420 534 1460 εὖ
558 1420 782 1470 πεποιηκὼς
808 1420 919 1465 ἑκών,
948 1420 990 1459 ἐκ
1019 1419 1124 1460 τίνος
1155 1417 1316 1458 εἰκότως
1343 1414 1392 1456 ἂν
1419 1415 1568 1468 τρόπου

233 1490 370 1527 τοῦτον
417 1487 539 1538 μόνον
585 1486 709 1537 ἠδίκει
756 1491 834 1527 τῶν
881 1485 1058 1532 πάντων;
1118 1485 1267 1524 τούτων
1313 1483 1445 1522 τοίνυν
1492 1485 1568 1521 τῶν
1589 1494 1628 1516 20

234 1557 454 1606 μαρτυριῶν
479 1554 722 1596 ἀκούσαντες
748 1556 958 1606 γνωσεσθε
986 1552 1055 1593 τὸν
1082 1551 1267 1603 ἑκατέρου
1292 1550 1450 1603 τρόπον.

791 1694 1018 1722 ΜΑΡΤΎΡΙΑΙ.

164 1793 206 1837 56
318 1779 375 1816 Ιθι
400 1775 445 1826 δὴ
473 1777 534 1817 καὶ
558 1777 626 1817 τὰς
654 1775 735 1816 κατ’
761 1774 1065 1826 Ἀπολλοδώρου
1091 1774 1159 1823 τῆς
1188 1772 1388 1824 πονηρίας.

791 1907 1019 1936 ΜΑΡΤὙΡῙΑῙ.

299 1989 388 2042 φΑρ’
414 1991 480 2032 οὖν
507 1992 640 2042 ὅμοιος
665 1990 820 2035 οὑτοσί,·
857 1990 1053 2028 σκοπεῖτε.
1113 1984 1221 2037 λέγε.
1595 2000 1632 2031 25

288 2125 299 2145 1
328 2115 376 2145 καὶ
394 2114 443 2145 τίς
462 2113 527 2151 FQ
542 2113 590 2143 D:
617 2113 703 2144 ἀλλὰ
718 2109 768 2141 τίς
787 2111 810 2141 S
825 2110 855 2140 A
1030 2117 1049 2146 3
1075 2107 1161 2138 ἀλλὰ
1181 2105 1204 2135 S
1217 2105 1267 2135 A:
1294 2105 1384 2137 ἀλλὰ
1403 2104 1457 2137 καὶ
1482 2103 1570 2142 vulg.

241 2159 328 2189 τίνας
346 2160 395 2193 off,-
421 2156 574 2186 Dobsee:
602 2156 702 2192 τινάς;
728 2155 822 2186 codd.
997 2162 1016 2189 4
1042 2150 1185 2181 alterum
1203 2149 1276 2189 οὐχὶ
1293 2147 1359 2178 SA
1374 2159 1380 2177 :
1406 2149 1440 2178 οὐ
1459 2147 1525 2185 FQ
1543 2148 1571 2176 D

245 2212 281 2231 12
307 2202 350 2233 εἷς
368 2211 432 2231 om.
455 2200 501 2230 S:
531 2202 575 2232 εἷς
599 2200 637 2230 τὸ
653 2209 718 2229 om.
740 2200 769 2228 A
866 2206 968 2235 13—14
994 2193 1130 2234 νομίζειν
1155 2193 1218 2233 χρὴ
1243 2194 1345 2223 ποιεῖν
1369 2191 1436 2222 νυνί
1454 2190 1521 2229 FQ
1539 2190 1569 2219 D
1596 2191 1599 2193 ’

246 2255 283 2284 ¹9
308 2244 436 2276 εἰκότως
454 2245 491 2275 ἂν
509 2243 533 2273 S
545 2242 576 2272 A
595 2254 602 2273 :
626 2244 663 2274 ἂν
676 2241 804 2274 εἰκότως
825 2241 849 2270 F
861 2240 890 2278 Q
906 2240 933 2269 D
1052 2247 1092 2267 22
1117 2240 1334 2269 ΜΑΡΤΎΡΙΑῙ
1352 2234 1416 2264 del.
1439 2233 1569 2263 Reiske

241 2298 282 2327 23
308 2290 356 2320 καὶ
379 2287 475 2317 codd.
495 2298 501 2317 :
525 2286 606 2326 λέγε
629 2285 798 2321 Schaeser,
819 2283 900 2324 λέγε
923 2283 972 2314 καὶ
995 2282 1110 2320 Dind.,
1131 2279 1214 2317 λαβὲ
1233 2278 1350 2309 Blass:
1376 2277 1422 2307 nil
1442 2283 1573 2307 mutan-

243 2333 318 2361 dum
333 2336 424 2370 puto,
439 2330 479 2360 cs.
499 2329 578 2359 xviii
600 2330 660 2359 106
742 2327 810 2360 κατ’
830 2327 1074 2365 Ἀπολλοδώρου
1092 2323 1226 2362 scripsi,
1240 2322 1279 2352 cs.
1295 2321 1386 2352 xxvii
1404 2321 1446 2350 26
1463 2331 1470 2351 :
1496 2321 1571 2360 πρὸς

243 2374 486 2415 Ἀπολλόδωρον
501 2373 615 2403 codd.:
641 2372 705 2402 del.
728 2371 899 2401 Huettner
988 2378 1028 2406 25
1054 2366 1144 2399 οὗτος
1162 2367 1191 2396 Α
