1685 2772
53 139 161 194 [861]
349 138 836 176 ΔΗΜΟΣΘΕΝΟΎΣ
885 137 1043 175 ΠΡΟΣ
1091 137 1347 175 ΑΦοΒοΝ
1406 132 1524 187 [xm

192 247 520 301 προεγνωσμένος
545 247 692 287 ἀδικεῖν
717 246 875 287 τούτους
908 247 1078 287 ἐποιεῖτο
1107 263 1197 288 τους
1225 248 1382 299 λόγους,
1406 247 1527 298 ἧττον

193 316 242 356 ἂν
261 315 307 366 ἦν
327 314 438 365 ἄξιον
457 313 679 365 θαυμάζειν·
719 317 786 353 νῦν
807 313 838 353 δ’
862 313 1075 365 ἐπιτρέψαι
1097 330 1146 364 με
1165 314 1308 356 πείσας
1327 313 1526 369 Ἀρχένεῳ

194 384 255 424 καὶ
283 382 528 436 Δρακοντίδῃ
549 381 611 420 καὶ
637 379 756 434 Φάνῳ
782 380 935 434 τουτῳί,
957 383 1010 434 τῷ
1034 384 1102 421 νῦν
1121 379 1186 421 ὑπ’
1204 381 1321 420 αὐτοῦ
1337 381 1527 434 φεύγοντι

191 453 268 490 τῶν
287 448 650 501 ψευδομαρτυρίων,
672 447 830 488 τούτους
850 448 922 497 μὲν
943 447 1095 498 ἀφῆκεν
1114 447 1287 489 ἀκούσας
1305 448 1433 488 αὐτῶν
1450 449 1524 494 ὅτι,

195 518 227 557 εἰ
256 515 341 567 μεθ’
371 516 485 567 ὅρκου
517 517 637 554 ταῦτα
663 513 949 563 διαιτήσουσιν,
987 514 1310 565 καταγνώσονται
1341 513 1412 564 τὴν
1442 516 1525 555 ἐπι-
1546 531 1564 564 5

46 579 161 633 [862]
193 582 354 635 τροπήν,
394 583 457 622 ἐπὶ
493 584 560 621 τὸν
598 580 799 633 κληρωτὸν
836 582 877 620 δὲ
915 579 1115 630 διαιτητὴν
1151 582 1279 621 ἐλθὼν
1316 581 1379 622 καὶ
1414 580 1527 621 οὐδὲν

194 651 298 704 ἔχων
332 648 615 689 ἀπολύσασθαι
646 651 722 687 τῶν
756 646 1056 699 ἐγκεκλημένων
1087 645 1224 699 ὦφλεν
1258 647 1330 698 τὴν
1363 649 1525 689 δίαιταν.

121 727 162 762 59
195 719 231 758 οἱ
264 716 444 756 δικασταὶ
477 714 510 755 δ’
537 715 790 760 ἀκούσαντες,
829 716 883 756 εἰς
912 714 978 756 οὓς
1008 715 1168 766 ἐφῆκεν,
1201 714 1323 754 ταύτὰ
1356 715 1418 755 καὶ
1447 719 1529 756 τοῖς

194 784 333 824 τούτου
358 784 493 835 φίλοις
519 783 580 822 καὶ
605 785 657 835 τῷ
685 784 861 838 διαιτητῇ
886 781 975 832 περὶ
1000 781 1127 821 αὐτῶν
1147 781 1329 833 ἔγνωσαν
1349 782 1411 822 καὶ
1435 781 1530 822 δέκα

194 850 400 891 ταλάντων
426 850 630 900 ἐτίμησαν,
659 848 704 888 οὐ
727 850 781 899 μὰ
808 848 874 888 Δί’
898 848 972 901 οὐχ
1002 849 1064 888 ὅτι
1090 847 1160 888 τὸν
1187 849 1348 890 Μιλύαν
1373 849 1526 900 ὡμολό-
1551 865 1590 888 ιο

195 934 320 970 γησεν
352 917 451 958 εἶναι
483 916 689 968 ἐλεύθερον
720 914 850 967 (τοῦτο
882 918 956 967 μὲν
989 917 1063 968 γὰρ
1098 915 1210 956 οὐδὲν
1240 914 1313 965 ἦν),
1344 915 1436 956 ἀλλ’
1470 917 1531 956 ὅτι

195 985 474 1026 πεντεκαίδεκα
505 982 712 1023 ταλάντων
736 982 875 1025 οὐσίας
907 999 975 1034 μοι
1004 983 1341 1035 καταλειφθείσης
1366 983 1435 1024 τὸν
1458 985 1531 1033 μὲν

197 1051 305 1091 οἷκον
335 1051 402 1091 οὐκ
436 1050 673 1101 ἐμίσθωσεν,
709 1049 802 1089 δέκα
831 1049 863 1090 δ’
894 1050 960 1100 ἔτη
991 1051 1090 1100 μετὰ
1117 1053 1197 1089 τῶν
1231 1050 1530 1102 συνεπιτρόπων

199 1119 444 1171 διαχειρίσας
468 1116 564 1169 πρὸς
588 1119 661 1168 μὲν
685 1116 758 1166 τὴν
777 1116 996 1168 συμμορίαν
1015 1117 1113 1167 ὑπὲρ
1138 1116 1275 1159 παιδὸς
1299 1118 1413 1158 ὄντος
1438 1118 1532 1167 ἐμοῦ

199 1186 315 1226 πέντε
340 1187 438 1235 μνᾶς
463 1182 692 1234 συνετάξατ’
712 1183 927 1235 εἰσφέρειν,
948 1184 1123 1234 ὅσονπερ
1142 1184 1334 1234 Τιμόθεος
1353 1184 1373 1223 ὁ
1395 1184 1528 1224 Κόνω-
1553 1200 1590 1232 15

123 1255 169 1290 60
199 1270 266 1294 νος
292 1251 352 1292 καὶ
377 1253 413 1292 οἱ
437 1252 485 1291 τὰ
502 1250 675 1303 μέγιστα
694 1250 920 1301 κεκτημένοι
939 1249 1121 1300 τιμήματ’
1141 1250 1365 1302 εἰσέφερον,
1386 1251 1532 1304 χρόνον

200 1322 243 1360 δὲ
267 1321 456 1359 τοσοῦτον
480 1320 526 1357 τᾶ
550 1316 734 1371 χρήματα
760 1316 866 1357 ταῦτ’
893 1317 1192 1369 ἐπιτροπεύσας,
1218 1318 1315 1368 ὑπὲρ
1339 1318 1395 1357 ὧν
1419 1324 1528 1368 τηλι-

202 1386 344 1436 καύτην
378 1385 492 1427 αὐτὸς
525 1386 718 1436 εἰσφορὰν
747 1383 859 1434 ἠξίου
895 1383 1112 1436 εἰσφέρειν,
1149 1385 1234 1435 ἐμοὶ
1271 1386 1342 1435 μὲν
1373 1384 1418 1424 τὸ
1446 1383 1532 1424 καθ’

202 1453 320 1493 αὑτὸν
346 1452 424 1492 οὐδ’
452 1453 576 1492 εἴκοσι
600 1455 706 1502 μνῶν
732 1450 823 1501 ἄξια
848 1450 1086 1503 παρέδωκεν,
1108 1453 1207 1502 μετὰ
1226 1451 1259 1492 δ’
1278 1452 1438 1492 ἐκείνων
1455 1452 1532 1491 ὅλα

200 1521 249 1560 τὰ
279 1519 476 1571 κεφάλαια
501 1518 563 1558 καὶ
586 1519 655 1560 τὰς
681 1519 912 1569 ἐπικαρπίας
938 1517 1218 1570 ἀπεστέρηκεν.
1257 1518 1389 1560 θέντες
1408 1518 1476 1558 οὖν
1496 1520 1532 1558 οἱ
1553 1538 1593 1560 20

201 1586 382 1627 δικασταὶ
417 1589 499 1627 τοῖς
529 1587 629 1625 πᾶσι
660 1584 861 1638 χρήμασιν
889 1585 956 1625 οὐκ
992 1585 1056 1637 ἐφ’
1084 1586 1165 1640 ὅσῳ
1199 1588 1410 1636 μισθοῦσιν
1443 1585 1532 1627 τοὺς

202 1655 331 1696 οἴκους
354 1653 481 1697 τόκον,
509 1651 599 1692 ἀλλ’
627 1651 669 1693 ὃς
693 1650 739 1701 ἦν
766 1651 993 1705 ἐλάχιστος,
1016 1652 1133 1703 ηὗρον
1153 1652 1196 1692 τὸ
1223 1653 1383 1703 σύμπαν
1407 1651 1532 1692 πλέον

202 1717 225 1770 ἢ
254 1719 462 1771 τριάκοντα
489 1718 648 1758 τάλαντ’
681 1719 820 1760 αὐτοὺς
850 1719 1178 1770 ἀποστεροῦντας·
1215 1719 1274 1760 διὸ
1305 1719 1427 1774 τούτῳ
1456 1723 1534 1760 τῶν

203 1786 296 1827 δέκα
320 1786 524 1826 ταλάντων
550 1786 753 1836 ἐτίμησαν.

250 1909 263 1928 1
289 1896 614 1940 προκατεγνωσμένος
647 1896 732 1927 coni.
771 1896 898 1927 Reiske
1067 1908 1086 1927 2
1110 1903 1259 1938 Αρχενεω
1293 1897 1319 1936 (ι
1349 1897 1451 1938 sscr.)
1485 1896 1509 1928 S
1525 1907 1534 1928 ε

203 1942 372 1982 Ἀρχιναίῳ
389 1940 421 1970 Α
540 1950 559 1978 3
584 1941 709 1980 τουτῳί,
729 1940 847 1979 scripsi
867 1951 874 1971 :
899 1940 1004 1980 τούτῳ
1021 1941 1110 1979 vulg.
1236 1949 1256 1980 5
1281 1942 1310 1972 εἶ
1327 1940 1414 1971 SA:
1439 1942 1467 1972 οἱ
1484 1939 1532 1972 F:

204 1987 232 2017 οἳ
253 1985 281 2015 D
410 1994 448 2023 14
473 1983 564 2016 ὄντος
583 1994 646 2014 om.
664 1983 695 2013 A
824 1993 860 2022 15
877 1988 957 2014 ante
974 1983 1071 2015 πέντε
1088 1987 1168 2023 μνᾶς
1187 1984 1358 2016 excidisse
1376 1984 1460 2016 κατὰ
1474 1985 1532 2016 τὰς

204 2028 300 2061 πέντε
318 2029 367 2060 καὶ
386 2030 488 2059 εἴκοσι
503 2029 582 2065 μνᾶς
600 2031 716 2057 censet
735 2027 870 2066 Lipsius
889 2027 964 2058 coll.
981 2027 1072 2057 xxvii
1091 2038 1122 2066 9,
1136 2027 1242 2058 xxviii
1261 2039 1280 2066 4
1297 2037 1306 2066 ς
1328 2037 1415 2067 quae
1428 2027 1532 2058 verba

203 2072 432 2103 subaudienda
449 2076 627 2101 censuerat
647 2071 773 2101 Reiske
887 2071 924 2099 18
948 2071 1083 2111 ἠξίωσεν
1100 2071 1126 2101 F
1217 2072 1287 2109 ἐμοὶ
1303 2071 1341 2102 τὸ
1357 2070 1416 2109 μὲν
1433 2069 1534 2100 Blass

207 2126 249 2146 20
272 2114 491 2154 ἀπεστέρηκεν
508 2113 557 2143 S:
582 2113 804 2153 ἀπεστέρησεν
821 2113 911 2151 vuYg.
1046 2124 1083 2143 21
1111 2114 1182 2154 οὐκ]
1202 2115 1265 2146 οὐδ’
1289 2113 1314 2143 F
1329 2113 1358 2142 D
1493 2123 1534 2143 22

205 2159 256 2195 ὃς]
276 2160 353 2190 ὅσον
368 2158 391 2188 S
404 2158 434 2188 D

245 2198 287 2231 ‘In
307 2201 331 2232 S
348 2200 577 2240 subscriptum

721 2248 825 2276 ΠΡΟΣ
851 2248 1014 2276 ΑΦΟΒΟΝ

856 2294 881 2318 Δ

860 2319 874 2334 >
