1685 2772
144 115 310 170 xxxva]
470 121 634 159 ΠΡΟΣ
680 121 1146 159 HANTAINETON
1506 107 1629 163 [974]

141 230 257 272 εἵνεκ’
284 232 459 278 ἔπειθον;
498 233 562 272 ἵνα
587 232 633 282 νὴ
655 232 724 272 Δί’
745 231 883 273 αὐτοὺς
909 230 1123 282 κτήσωμαι.
1172 230 1264 271 ἀλλ’
1283 229 1472 282 αἱρέσεώς

140 315 207 349 μοι
245 298 426 349 δοθείσης
464 295 622 352 ἢὲχειν
660 295 683 349 ἢ
723 299 964 350 κομίσασθαι
1003 300 1050 338 τὰ
1091 299 1268 348 ἐμαυτοῦ,
1310 297 1472 347 εἱλόμην

142 366 396 416 κομίσασθαι,
431 367 493 406 καὶ
526 369 646 406 ταῦτα
681 366 983 418 μεμαρτύρηται.
1052 364 1149 417 λέγε
1186 364 1231 415 δὴ
1268 364 1339 415 τὴν
1376 364 1470 416 πρό-

140 435 283 482 κλησιν
308 433 424 484 ὅμως.

102 564 119 595 5
678 555 924 584 ΠΡΟΚΛΗΣῙΣ.

206 635 362 685 Ταύτην
405 636 535 675 τοίνυν
578 635 666 688 οὐχὶ
714 634 924 686 δεξάμενος
971 635 1042 684 τὴν
1083 635 1318 686 πρόκλησιν,
1364 636 1471 675 ἀλλὰ
1502 638 1546 671 28

141 702 291 754 φυγών,
332 701 535 754 σκέψασθ’
561 703 645 743 οἶον
683 701 824 744 εὐθέως
859 704 958 752 μετὰ
994 701 1099 741 ταῦτ’
1137 703 1308 753 ἐγκαλεῖ.
1375 702 1471 755 λέγε

139 768 393 821 τούχόμενον.

697 892 902 919 ΕΓΚΛΗΜΑ.

81 976 120 999 10
165 962 169 968 ⁷
194 965 269 1003 Καὶ
297 966 619 1017 κατεργασάμενος
645 965 712 1014 τὴν
737 967 934 1017 ἀργυρῖτιν,
956 963 1001 1013 ἢν
1028 966 1063 1002 οῖ
1091 965 1172 1015 ἐμοὶ
1199 968 1334 1004 οἰκέται
1353 967 1469 1018 ἠργά-

138 1037 265 1066 σαντο,
288 1020 348 1057 καὶ
369 1019 461 1071 ἔχων
480 1021 522 1057 τὸ
543 1019 716 1071 ἀργύριον
734 1020 777 1057 τὸ
798 1022 837 1056 ἐκ
856 1020 989 1068 ταύτης
1007 1022 1072 1068 τῆς
1092 1021 1329 1072 ἀργυρίτιδος.

206 1131 339 1171 Πάλιν
363 1133 484 1171 ταῦτα
510 1134 590 1172 πῶς
616 1129 744 1171 ἔνεστ’
770 1130 857 1180 ε’μοὶ
882 1133 1107 1183 πεπρᾶχθαι
1132 1135 1184 1185 τῷ
1209 1131 1260 1182 μὴ
1288 1132 1466 1184 παρόντι,
1500 1135 1616 1191 [975]

140 1199 201 1239 καὶ
226 1198 312 1249 περὶ
337 1199 392 1238 ὧν
411 1197 585 1251 Εὐέργου
609 1196 872 1244 κατεδικάσω;
910 1196 1005 1249 λέγε
1030 1196 1061 1237 δ’
1082 1197 1212 1239 αὐτοῖς
1236 1198 1281 1238 τὸ
1307 1198 1466 1251 ἐφεῇς.
1499 1213 1544 1247 29

703 1348 906 1375 ΕΓΚΛΗΜΑ.

81 1443 118 1476 15
192 1426 268 1464 Καὶ
289 1426 514 1475 ἀποδόμενος
532 1427 576 1464 τὸ
597 1427 840 1478 ἐργαστήριον
860 1427 901 1464 τὸ
923 1427 1011 1475 ἐμὸν
1027 1427 1086 1464 καὶ
1105 1427 1189 1467 τοὺς
1208 1428 1349 1468 οἰκέτας
1367 1429 1468 1478 παρὰ

137 1481 203 1521 τὰς
219 1480 417 1530 συνθήκας,
441 1481 481 1520 ἃς
502 1480 604 1519 ἔθετο
624 1481 716 1531 πρός
734 1498 790 1530 με.

178 1593 388 1647 Ἐπίσχες.
420 1595 527 1634 τουτὶ
547 1593 651 1635 πολὺ
671 1592 786 1634 πάνθ’
808 1592 1114 1645 ὑπερβέβληκεν
1132 1595 1274 1634 τᾶλλα.
1312 1598 1468 1646 πρῶτον

139 1663 212 1711 μὲν
230 1663 305 1714 γὰρ
331 1662 452 1712 παρὰ
478 1662 558 1703 τὰς
585 1659 821 1711 συνθήκας
848 1661 987 1712 φησίν,
1007 1661 1058 1702 ’ὰς
1080 1660 1211 1701 ἔθετο
1237 1661 1350 1713 πρὸς
1375 1662 1466 1713 ἐμέ.

140 1728 251 1767 αὗται
271 1727 304 1768 δ’
324 1729 402 1768 εἰσὶ
426 1728 548 1775 τίνες;
587 1727 868 1779 ἐμισθώσαμεν
886 1730 964 1767 τῶν
983 1728 1109 1768 τόκων
1127 1731 1205 1768 τῶν
1224 1728 1470 1780 γιγνομένων

82 1810 121 1832 20
139 1795 260 1849 τούτῳ
295 1797 343 1834 τὰ
371 1793 526 1847 ἡμέτερ’
549 1795 673 1846 ἡμεῖς,
703 1795 766 1835 καὶ
797 1793 888 1834 ἄλλ’
913 1793 1040 1835 οὐδέν·
1078 1794 1229 1847 πρατὴρ
1252 1797 1325 1846 μὲν
1349 1797 1425 1849 γὰρ
1449 1797 1470 1836 ὁ

142 1864 377 1912 Μνησικλῆς
407 1862 500 1913 ἡμῖν
528 1862 705 1915 ἐγεγόνει
733 1861 872 1901 τούτου
903 1862 1095 1913 παρόντος
1129 1862 1192 1902 καὶ
1225 1862 1468 1905 κελεύοντος.

140 1930 238 1979 μετὰ
268 1932 390 1969 ταῦτα
418 1931 460 1970 δὲ
492 1929 560 1969 τὸν
589 1928 706 1969 αὐτὸν
735 1929 884 1981 τρόπον
907 1928 1018 1979 ἡμεῖς
1052 1927 1199 1980 ἑτέροις
1231 1929 1467 1980 ἀπεδόμεθα,
1498 1945 1542 1979 30

142 1995 207 2048 ἐφ’
228 1997 369 2048 οἵσπερ
395 1996 504 2037 αὐτοὶ
524 1996 752 2048 ἐπρίαμεθα,
774 1996 818 2036 οὐ
841 1996 963 2047 μόνον
983 1996 1212 2037 κελεύοντος
1236 1995 1293 2036 ἔτι
1316 1996 1466 2043 τούτου,

189 2117 201 2137 1
230 2108 322 2140 εἵνεκ’
341 2107 384 2138 S:
412 2106 494 2140 ἕνεκ’
507 2108 594 2146 vulg.
738 2106 877 2148 ἔπειθον]
896 2109 947 2140 καὶ
965 2108 1090 2140 ἔπειθον
1109 2107 1251 2146 Dobree‚
1270 2107 1388 2147 Cobet,
1406 2108 1467 2139 sed

142 2151 182 2182 cf.
204 2152 261 2181 xlv
282 2161 316 2181 11
442 2161 460 2180 2
487 2151 592 2192 ἔχειν]
611 2151 792 2190 κτήσασθαι
812 2151 879 2190 FQ
894 2151 924 2180 D
1051 2161 1114 2190 2—3
1138 2152 1178 2183 τὰ
1196 2175 1203 2182 .
1221 2175 1228 2182 .
1248 2175 1256 2182 .
1276 2152 1466 2191 κομίσασθαι

142 2204 206 2226 om.
227 2195 250 2225 S
361 2205 380 2233 3
406 2193 461 2234 δὴ]
480 2194 514 2226 δὲ
531 2194 562 2225 Α
687 2204 727 2225 10
749 2193 936 2235 ἠργάσαντο
956 2193 1012 2226 Sl:
1039 2196 1117 2236 εἷργ.
1136 2195 1225 2234 vulg.
1244 2206 1251 2225 ε
1275 2207 1417 2236 κατειργ.
1435 2194 1468 2225 Α

146 2247 180 2267 11
206 2239 244 2269 τὸ
261 2241 296 2270 ἐκ
312 2237 362 2269 A:
388 2240 424 2269 ἐκ
441 2237 466 2268 S
481 2237 506 2267 F
518 2237 548 2276 Q
561 2237 591 2267 D
770 2246 808 2267 12
833 2237 937 2269 ἔνεστ’
956 2239 1023 2277 ἐμοὶ
1042 2237 1079 2268 S¹
1095 2249 1102 2269 ε
1128 2238 1255 2270 ἐνέσται
1272 2252 1324 2278 μοι
1343 2238 1366 2268 S
1383 2248 1466 2270 corr.

145 2291 184 2319 13
209 2281 356 2313 αὐτοῖς-Α
372 2292 379 2311 :
404 2282 482 2312 αὐτὸ
499 2281 588 2320 vulg.
645 2281 683 2312 τὸ
702 2282 814 2322 ἐφεξῆς
833 2280 946 2311 Blass:
964 2282 1001 2312 τὸ
1019 2282 1170 2322 ἔγκλημα
1187 2281 1211 2312 S
1230 2293 1236 2312 :
1261 2282 1338 2313 add.
1355 2283 1468 2322 ἐφεξῆς

106 2351 112 2355 .
143 2324 186 2357 A.
207 2326 277 2364 ἑξῆς
288 2324 379 2363 vulg.
566 2325 605 2354 16
629 2323 704 2365 πρός
721 2337 760 2363 με
778 2324 802 2355 S
818 2335 825 2355 ε
850 2325 925 2365 πρὸς
942 2324 998 2363 ἐμέ
1013 2325 1101 2364 vulg.
1241 2325 1279 2355 18
1303 2324 1380 2365 πρός
1395 2338 1436 2365 με
1451 2334 1469 2355 r

145 2367 335 2405 (Parisinus
349 2369 461 2407 2936).
500 2367 608 2398 citans
621 2372 735 2398 tamen
746 2377 849 2407 Saepe
862 2368 1032 2398 submutat
1045 2373 1159 2399 orator
1214 2379 1255 2399 22
1272 2367 1306 2400 δὲ
1319 2378 1385 2399 om.
1401 2367 1427 2399 F
1436 2367 1468 2407 Q

144 2421 184 2449 23
210 2413 260 2451 ἐφ’
273 2434 282 2442 .
302 2435 310 2443 .
331 2434 339 2442 .
360 2412 535 2451 ἐπρίαμεθα
554 2411 619 2441 SA
633 2411 723 2452 D'yp.
738 2411 768 2449 Q
781 2424 833 2453 γρ.
849 2423 856 2442 :
881 2421 946 2442 om.
966 2410 1058 2450 F1Q¹
1077 2423 1084 2442 :
1108 2412 1188 2444 secl.
1209 2412 1375 2443 Benseler
