1685 2772
146 92 247 147 xxx]
533 97 695 136 ΠΡΟΣ
743 97 1045 136 ΟΝΗΤΟΡΑ
1095 96 1128 134 A

143 207 188 248 οὐ
213 212 483 254 συνοικοῦντα,
506 209 556 250 ὡς
576 209 687 249 οὗτός
713 213 852 260 φησιν,
875 207 937 247 καὶ
962 207 1052 249 τοὺς
1077 207 1247 259 καρποὺς
1272 207 1335 247 καὶ
1359 208 1408 246 τὰ
1433 208 1475 246 ἐκ

142 277 211 326 τῆς
237 276 429 327 γεωργίας
459 275 598 316 ἅπαντ’
625 274 858 328 ἐξενεγκεῖν,
885 274 954 315 τὸν
983 274 1014 314 δ’
1039 275 1136 327 ὑπὲρ
1161 276 1230 324 τῆς
1258 275 1473 314 ἀπολελοι-

143 343 257 383 πυίας
281 341 516 395 πράττοντα,
543 344 640 395 ὑπὲρ
672 342 719 393 ἧς
751 342 1070 393 ἀποτετιμῆσθαί
1099 346 1204 394 φησι
1234 339 1280 380 τὸ
1311 341 1473 394 χωρίον,

143 410 360 460 φαίνεσθαι
372 409 462 461 μηδ’
477 411 575 462 ὑπὲρ
594 409 682 451 ἑνὸς
699 409 849 449 τούτων
865 410 1172 462 ἀγανακτοῦντα,
1191 407 1283 447 ἀλλ’
1300 407 1474 461 ἡσυχίαν

104 492 122 524 5
141 476 300 528 ἔχοντα.
360 476 466 517 ταῦτ’
490 477 536 517 οὐ
563 476 695 527 πολλὴ
727 474 949 529 περιφάνει’
975 477 1106 522 ἐστίν;
1144 473 1250 515 ταῦτ’
1273 474 1349 528 οὐχ
1376 475 1470 526 ὁμο-

141 543 362 595 λογουμένη
402 545 647 596 προστασία;
700 542 847 596 φήσειέ
888 542 925 596 γ’
959 542 1010 583 ἄν
1043 559 1115 588 τις,
1154 543 1188 583 εἰ
1223 540 1475 594 διαλογίζοιτ’

142 610 266 661 ὀρθῶς
304 610 440 651 ἕκαστ’
479 610 618 651 αὐτῶν.
703 610 754 653 ὡς
794 611 929 651 τοίνυν
969 609 1170 662 ὡμολόγει
1207 611 1280 660 μὲν
1321 610 1474 649 ἐκεῖνον

141 681 332 730 γεωργεῖν
358 679 449 729 πρὶν
474 677 662 730 γενέσθαι
686 677 758 727 τὴν
781 678 891 728 δίκην
917 677 1004 728 ἐμοὶ
1027 676 1124 729 πρὸς
1149 675 1278 722 αὐτόν,
1305 677 1401 727 ὑπὲρ
1430 677 1471 716 δὲ

141 745 210 783 τοῦ
231 743 286 795 μὴ
312 748 510 784 συνοικεῖν
529 744 602 795 τὴν
621 744 802 797 ἀδελφὴν
821 745 890 785 οὐκ
915 743 1117 794 ἠθέλησεν
1134 742 1383 793 ποιήσασθαι
1401 741 1474 792 τὴν

84 823 122 847 ιο
141 809 339 861 βάσανον,
364 811 388 861 ἡ
422 813 463 850 δὲ
494 813 667 863 γεωργία
700 810 968 861 ἐξεσκευάσθη
1001 811 1101 861 μετὰ
1133 809 1206 860 τὴν
1230 810 1340 859 δίκην
1367 808 1476 859 πλὴν

141 880 220 917 τῶν
245 878 424 929 ἐγγείων,
451 880 558 928 λαβὲ
581 878 726 919 ταύτας
750 879 820 919 τὰς
844 877 1057 929 μαρτυρίας
1083 877 1146 917 καὶ
1172 875 1383 929 ἀνάγνωθι.

688 1049 916 1075 ΜΑΡΤΎΡΙΑΙ.

211 1135 327 1187 Ἐμοὶ
377 1137 511 1176 τοίνυν
557 1137 759 1176 τοσούτων
816 1137 1077 1189 ὑπαρχόντων
1126 1137 1355 1188 τεκμηρίων,
1399 1135 1474 1189 οὐχ

143 1202 274 1253 ἥκιστ’
300 1202 416 1245 αὐτὸς
440 1200 589 1252 ἔδειξεν
616 1202 808 1254 Ὀνήτωρ,
839 1203 899 1242 ὅτι
931 1203 999 1242 οὐκ
1032 1203 1225 1253 ἀληθινὴν
1257 1201 1474 1253 ἐποιήσατο

86 1285 121 1318 15
141 1270 213 1320 τὴν
248 1270 478 1323 ἀπόλειψιν.
540 1268 569 1324 ᾧ
595 1271 670 1322 γὰρ
702 1272 903 1322 προσῆκεν
935 1273 1120 1323 χαλεπῶς
1155 1269 1306 1322 φέρειν,
1339 1270 1373 1310 εἰ
1401 1268 1473 1319 τὴν

142 1340 284 1388 προῖκα
307 1337 409 1382 δούς,
437 1338 488 1379 ὥς
518 1342 657 1388 φησιν,
687 1335 772 1376 ἀντ’
801 1337 986 1388 ἀργυρίου
1014 1337 1161 1390 χωρίον
1191 1336 1473 1389 ἀμφισβητού-

141 1420 261 1455 μενον
310 1404 612 1455 ἀπελάμβανεν,
665 1403 778 1445 οῧτος
833 1403 907 1456 οὐχ
956 1403 1006 1445 ὡς
1055 1403 1246 1456 διάφορος
1293 1402 1373 1443 οὐδ’
1421 1403 1473 1444 ὣς

143 1471 409 1522 ἀδικούμενος,
455 1469 548 1511 ἀλλ’
590 1470 641 1512 ὡς
680 1471 918 1512 οἰκειότατος
955 1469 1113 1510 πάντων
1154 1470 1227 1521 τὴν
1267 1473 1362 1522 πρὸς
1405 1471 1473 1521 ἐμὲ

144 1539 253 1588 δίκην
279 1538 380 1592 αὐτῷ
406 1538 707 1590 συνηγωνίζετο.
780 1538 877 1587 κάμὲ
906 1539 979 1588 μὲν
1010 1538 1362 1589 συναποστερῆσαι
1389 1535 1474 1587 μετ’

85 1623 125 1644 20
145 1606 295 1645 ἐκείνου
319 1608 398 1645 τῶν
420 1602 610 1660 πατρῴων
640 1605 914 1658 ἐπεχείρησεν,
944 1603 1027 1643 καθ’
1057 1605 1156 1644 ὅσον
1185 1603 1299 1645 αὐτὸς
1330 1604 1409 1644 οἶός
1437 1603 1472 1642 τ’

144 1670 204 1721 ἧν,
232 1671 300 1724 ὑφ’
325 1672 370 1711 οὗ
400 1671 521 1712 κακὸν
549 1670 630 1712 οὐδ’
663 1672 794 1711 ὁτιοῦν
823 1670 871 1720 ἦν
901 1671 1120 1712 πεπονθώς·
1158 1670 1327 1725 Ἀφόβῳ
1355 1670 1399 1716 δ’,
1427 1669 1472 1710 ὃν

145 1738 358 1790 ἀλλότριον
384 1738 484 1779 εἶναι
508 1741 685 1791 προσῆκε
713 1738 898 1789 νομίζειν,
934 1739 971 1778 εἴ
998 1754 1037 1778 τι
1066 1738 1215 1778 τούτων
1248 1738 1392 1787 ἀληθὲς
1424 1735 1472 1787 ἦν

143 1806 199 1844 ὧν
239 1808 308 1846 νῦν
339 1804 544 1857 λέγουσιν,
583 1805 646 1845 καὶ
680 1806 786 1856 τάμὰ
822 1804 919 1857 πρὸς
955 1808 1036 1846 τοῖς
1070 1805 1219 1845 ἐκείνου
1253 1807 1472 1856 περιποιεῖν

145 1870 346 1922 ἐζήτησεν.
411 1873 474 1913 καὶ
504 1872 548 1912 οὐ
575 1873 698 1923 μόνον
727 1873 896 1912 ἐνταῦθα
920 1871 1024 1911 τοῦτ’
1049 1873 1250 1921 ἐποίησεν,
1278 1871 1385 1911 ἀλλὰ
1411 1870 1472 1910 καὶ

85 1953 122 1985 ²5
145 1938 471 1990 κατεγνωσμένης
506 1938 578 1990 ἤδη
615 1941 684 1989 τῆς
711 1941 832 1989 δίκης,
860 1940 1016 1989 ἀναβὰς
1050 1939 1114 1979 ἐπὶ
1147 1942 1190 1978 τὸ
1219 1936 1472 1990 δικαστήριον

144 2004 259 2045 ἐδεῖθ’
308 2006 490 2046 ἱκετεύων
535 2006 633 2059 ὑπὲρ
679 2005 798 2046 αὐτοῦ
838 2006 901 2046 καὶ
938 2006 1164 2056 ἀντιβολῶν
1207 2005 1269 2045 καὶ
1307 2003 1472 2056 δάκρυσι

145 2071 277 2113 κλάων
298 2072 498 2113 ταλάντου
522 2075 699 2124 τιμῆσαι,
725 2074 789 2113 καὶ
817 2073 954 2113 τούτου
985 2071 1101 2113 αὐτὸς
1133 2070 1300 2124 ἐγίγνετ’
1326 2072 1467 2123 ἐγγυη-

143 2137 223 2188 τής.
297 2139 359 2180 καὶ
382 2139 490 2180 ταῦθ’
521 2140 817 2193 ὁμολογούμενα
840 2139 914 2191 μέν
940 2141 1050 2180 ἐστιν
1073 2139 1329 2192 πολλαχόθεν
1351 2138 1406 2190 (οἵ
1426 2154 1469 2177 τε

187 2261 206 2288 4
230 2248 318 2290 μηδ’]
336 2251 380 2289 μὴ
398 2250 422 2280 S
512 2252 838 2291 ὑπεραγανακτοῦντα
856 2249 922 2280 FD
1054 2259 1073 2288 5
1098 2249 1187 2280 ταῦθ’
1204 2251 1266 2288 οὐχ
1284 2248 1308 2278 S
1430 2256 1466 2277 11

145 2292 296 2334 εγγείων]
323 2297 481 2326 πιθακνῶν
504 2294 535 2324 Α
566 2294 637 2333 (qui
662 2294 681 2325 ἃ
704 2295 730 2325 δ’
754 2295 815 2333 οὐχ
833 2295 865 2331 (ξ
878 2294 936 2332 28)
956 2315 963 2323 .
980 2316 988 2324 .
1007 2316 1014 2323 .
1033 2295 1191 2323 πιθακνῶν
1217 2293 1247 2330 (5
1272 2291 1329 2331 3ο)
1354 2290 1469 2330 iterat)

143 2336 262 2368 ταύτας
279 2346 344 2366 om.
363 2336 388 2366 F
400 2337 430 2366 D
568 2348 605 2375 14
631 2337 803 2374 ἆληθεινὴν
821 2336 844 2366 S
994 2345 1033 2375 19
1056 2334 1116 2373 μὲν
1132 2334 1187 2366 οὖν
1204 2336 1422 2377 ἀποστερῆσαι
1437 2332 1469 2363 Α

144 2389 184 2409 22
209 2379 288 2412 εἶναι
304 2390 368 2412 om.
389 2380 419 2410 D
509 2391 548 2419 27
572 2379 691 2412 τούτου
707 2380 748 2418 Α,
769 2379 808 2410 cs.
829 2380 911 2409 xxxi
933 2389 994 2409 10:
1017 2378 1141 2409 τούτων
1159 2378 1183 2408 S
1196 2377 1221 2407 F
1235 2378 1265 2407 D

1507 86 1611 140 [8⁷1]

1506 203 1622 259 [872]

1501 486 1549 521 30

1503 1153 1545 1188 31

1502 1886 1545 1919 32

1502 2070 1617 2127 [873]
