1685 2772
39 146 189 200 [1000]

149 1025 190 1053 21

51 1557 194 1612 [1001]

151 1767 195 1792 22

649 157 1145 196 ΔΗΜΟΣΘΕΝΟὙΣ
1403 153 1552 208 [xxx1x

225 268 265 306 ἐκ
301 267 462 314 τούτων,
499 267 589 320 μηδ’
625 268 729 309 ὅλως
764 268 958 308 ἀδύνατον
993 267 1136 308 ταύτὸν
1172 267 1281 322 ἔχειν
1316 267 1427 320 ὄνομ’
1460 268 1557 320 ἡμῖν’

225 330 560 385 συνέβαινεν,ὀύ
598 333 724 385 δήπου
759 338 898 375 τοῦτον
936 336 1010 386 μὲν
1047 336 1198 376 δίκαιον
1236 334 1281 376 τὸ
1319 335 1438 387 μέρος
1474 339 1557 376 τῶν

224 397 359 453 [ἐμῶν]
381 401 594 454 χρημάτων
619 401 726 455 ἔχειν
753 404 850 442 κατὰ
873 402 946 452 τὴν
970 404 1145 452 ποίησιν,
1166 401 1215 453 ἣν
1241 403 1262 442 ὁ
1286 402 1413 454 πατὴρ
1435 402 1554 443 αὐτὸν

225 468 488 519 ἀναγκασθεὶς
512 467 742 518 ἐποιήσατο,
768 470 837 520 ἐμὲ
863 469 894 508 δ’
921 470 1184 521 ἀφαιρεθῆναι
1208 470 1393 520 τοῦνομα,
1412 467 1433 510 ὃ
1457 474 1553 521 βου-

224 535 392 585 λόμενος
419 535 479 574 καὶ
504 535 582 575 οὐδ’
602 535 670 588 ὑφ’
691 535 779 578 ἑνὸς
800 536 991 588 βιασθεὶς
1013 537 1138 577 ἔθετο.
1207 536 1276 576 οὐκ
1301 535 1418 588 ἔγωγ’
1439 536 1554 589 ἡγοῦ·
1573 546 1591 578 5

224 618 306 653 μαι.
378 603 444 642 ἵνα
469 604 601 642 τοίνυν
636 604 776 653 εἰδῆτε,
814 604 878 643 ὅτι
912 603 956 643 οὐ
991 604 1114 654 μόνον
1148 604 1203 645 εἶς
1231 603 1322 645 τοὺς
1354 602 1554 655 φράτερας

226 669 359 714 οὕτως,
388 668 438 710 ὡς
462 669 765 721 μεμαρτύρηται,
792 670 814 709 ὁ
837 669 965 721 πατὴρ
989 669 1061 720 τὴν
1087 670 1294 722 ἐγγραφὴν
1323 668 1550 720 ἐποιήσατο,

225 736 332 775 ἀλλὰ
357 735 419 775 καὶ
443 735 513 785 τὴν
540 735 706 786 δεκάτην
731 738 817 787 ἐμοὶ
837 740 960 777 ποιῶν
985 737 1158 788 τοῦνομα
1181 735 1285 778 τοῦτ’
1305 736 1427 783 ἔθετο,
1447 735 1556 789 λαβέ

223 820 290 855 μοι
314 802 377 842 καὶ
401 803 544 853 ταύτην
568 803 640 853 τὴν
664 805 890 855 μαρτυρίαν.

783 939 993 967 ΜΑΡΤὙΡΙΑ.

294 1019 483 1067 Ἀκούετ’,
516 1020 652 1072 ἄνδρες
677 1019 893 1070 Ἀθηναῖοι,
922 1022 983 1061 ὅτι
1011 1021 1088 1072 ἐγὼ
1120 1020 1194 1071 μέν
1224 1019 1298 1071 εἰμ’
1326 1021 1390 1061 ἐπὶ
1423 1020 1557 1061 τούνό-

225 1103 346 1138 ματος
382 1087 522 1128 τούτου
561 1086 688 1127 πάντα
725 1086 793 1127 τὸν
828 1088 986 1140 χρόνον,
1022 1087 1175 1127 τουτονὶ
1212 1089 1255 1129 δὲ
1291 1086 1464 1128 Βοιωτὸν
1501 1088 1556 1130 εἷς

226 1154 314 1195 τοὺς
334 1153 543 1206 φράτερας,
566 1153 665 1204 ἡνίκ’
687 1154 932 1206 ἠναγκάσθη,
955 1153 1178 1206 ἐνέγραψεν
1198 1155 1218 1193 ὁ
1238 1153 1377 1206 πατήρ.
1433 1153 1556 1205 ἡδέως

227 1223 358 1261 τοίνυν
383 1223 543 1273 ἐροίμην
568 1221 615 1261 ἂν
642 1221 758 1261 αὐτὸν
786 1222 963 1261 ἐναντίον
991 1222 1111 1272 ὑμῶν·
1150 1223 1183 1261 εἰ
1210 1221 1262 1272 μὴ
1295 1222 1555 1272 ἐτελεύτησεν

226 1289 246 1327 ὁ
273 1287 412 1340 πατήρ,
443 1288 484 1328 τί
511 1288 560 1329 ἄν
594 1288 680 1329 ποτ’
711 1289 855 1329 ἐποίεις
893 1287 988 1340 πρὸς
1025 1291 1105 1330 τοῖς
1142 1289 1348 1339 δημόταις,·
1401 1288 1470 1329 οὐκ
1506 1287 1555 1329 ἂν

227 1357 306 1397 εἴας
343 1355 509 1396 σεαυτὸν
543 1354 759 1408 ἐγγράφειν
796 1355 989 1402 Βοιωτόν,·
1039 1355 1129 1395 ἀλλ’
1156 1355 1306 1396 ἄτοπον
1338 1356 1450 1406 δίκην
1481 1358 1554 1408 μὲν

225 1422 445 1476 λαγχάνειν
473 1423 623 1468 τούτου,
658 1422 823 1462 κωλύειν
858 1424 899 1463 δὲ
936 1421 1070 1462 πάλιν.
1143 1423 1205 1462 καὶ
1234 1422 1310 1472 μὴν
1341 1424 1378 1463 εἴ
1403 1417 1442 1475 γ’
1472 1425 1554 1465 εἴας

225 1489 353 1536 αὐτόν,
389 1488 611 1542 ἐνέγραψεν
648 1488 696 1529 ἄν
731 1488 768 1529 (τ’
808 1490 863 1530 εἰς
896 1488 985 1530 τοὺς
1022 1490 1203 1540 δημότας,
1240 1491 1334 1540 ὅπερ
1374 1491 1428 1531 εἰς
1463 1490 1554 1532 τοὺς

225 1556 437 1609 φράτερας.
521 1557 658 1597 οὐκοῦν
697 1557 838 1601 δεινόν,
877 1553 906 1595 ὦ
945 1558 994 1608 γῆ
1035 1556 1098 1596 καὶ
1136 1556 1232 1602 θεοί,
1272 1555 1444 1608 φάσκειν
1481 1558 1554 1607 μὲν

226 1625 374 1664 ἐκεῖνον
400 1625 519 1664 αὑτοῦ
542 1622 678 1676 πατέρ’
703 1623 816 1669 εἶναι,
843 1626 998 1674 τολμᾶν
1030 1622 1062 1664 δ’
1089 1623 1212 1675 ἄκυρα
1240 1627 1369 1664 ποιεῖν
1401 1625 1553 1665 ἁκεῖνος

225 1690 390 1742 ἔπραξεν
417 1691 503 1740 ζῶν.

292 1757 468 1808 Ἐτόλμα
500 1760 631 1799 τοίνυν
661 1757 758 1810 πρὸς
791 1762 845 1814 τῷ
880 1761 1056 1816 διαιτητῇ
1086 1758 1234 1810 πρᾶγμ’
1269 1758 1555 1799 ἀναιδέστατον

503 1826 512 1839 C

226 1824 372 1876 λέγειν,
411 1825 460 1866 ὡς
495 1842 514 1864 ο
551 1825 677 1876 πατὴρ
713 1826 830 1866 αὑτοῦ
859 1824 1024 1875 δεκάτην
1060 1827 1252 1876 ἐποίησεν
1286 1826 1423 1878 ὥσπερ
1458 1828 1554 1877 ἐμοῦ

229 1892 290 1932 καὶ
315 1893 483 1943 τοῦνομα
508 1892 611 1932 τοῦτ’
636 1892 735 1932 ἔθετ’
755 1893 872 1947 αὐτῷ,
896 1893 957 1933 καὶ
982 1891 1179 1944 μάρτυράς
1198 1909 1308 1934 τινας
1326 1893 1550 1946 παρείχετο,

227 1959 284 2000 οἷς
323 1960 469 2015 ἐκεῖνος
507 1959 748 1999 οὐδεπώποτ’
788 1959 901 2011 ὤφθη
941 1960 1157 2013 χρώμενος.
1241 1960 1319 2011 ἐγὼ
1357 1959 1390 1999 δ’
1428 1959 1552 1999 οὐδέν’

227 2026 333 2076 ὑμῶν
366 2026 524 2078 ἀγνοεῖν
558 2029 699 2077 οἴομαι,
734 2028 794 2066 ὅτι
827 2026 907 2066 οὔτ’
940 2026 988 2067 ἂν
1022 2028 1187 2077 ἐποίησε
1223 2026 1390 2077 δεκάτην
1426 2026 1552 2067 οὐδεὶς

1576 947 1616 970 10

1577 1308 1614 1341 15

1576 1642 1615 1664 20

1576 1977 1612 2008 25

271 2152 333 2180 2—3
357 2145 422 2173 τῶν
440 2145 520 2179 ἐμῶν
539 2143 562 2173 S
576 2143 604 2173 D
620 2143 645 2172 F
658 2156 708 2183 Ύρ.
722 2142 752 2181 Q
764 2154 838 2184 Ὑρ.;
863 2146 928 2174 τῶν
947 2142 971 2172 F
984 2141 1013 2179 Q
1026 2152 1042 2172 Ι·
1061 2142 1154 2180 Pap.,
1170 2142 1209 2172 cf.
1226 2144 1262 2178 ἐξ
1277 2151 1330 2179 3ο,
1345 2150 1386 2180 35
1533 2150 1552 2180 5

227 2185 363 2225 ἡγοῦμαι
382 2185 405 2215 S
426 2185 506 2224 Pap.
523 2197 530 2216 :
556 2185 640 2227 οἶμαι
660 2187 685 2216 F
699 2186 728 2224 Q
883 2187 904 2215 6
928 2186 1085 2227 φράτορας
1104 2186 1126 2216 S
1145 2190 1179 2215 ut
1195 2185 1332 2224 saepius
1350 2185 1444 2224 infra,
1466 2184 1547 2224 Pap.
1578 2218 1581 2221 ,

300 2228 328 2258 Β’
389 2229 414 2252 α’

226 2263 246 2292 8
271 2263 338 2301 ἐμοὶ
356 2265 451 2294 ποιῶν
470 2263 551 2303 Pap.
735 2274 771 2294 11
799 2265 908 2304 ἄνδρες
926 2263 949 2293 S
969 2263 1050 2302 Pap.
1066 2275 1073 2292 τ
1099 2263 1121 2294 ὦ
1140 2264 1249 2303 ἄνδρες
1265 2262 1354 2300 vulg.
1489 2263 1550 2300 εἰμὶ

227 2305 274 2335 S:
298 2305 338 2343 ἧν
353 2307 440 2345 vulg.
463 2307 541 2346 Pap.
717 2317 754 2337 12
779 2309 904 2338 τουτονὶ
922 2307 1020 2337 codd.
1041 2307 1120 2346 Pap.
1137 2317 1143 2337 :
1168 2308 1285 2337 τοῦτον
1305 2305 1414 2342 mass,
1434 2305 1549 2335 nescio

226 2359 267 2378 an
287 2354 387 2387 recte,
404 2351 445 2382 cf.
466 2352 480 2389 ξ
496 2361 536 2388 32
677 2360 714 2387 15
739 2364 818 2382 ποτε
836 2350 859 2380 S
877 2361 884 2380 :
909 2361 975 2380 om.
992 2350 1082 2388 vulg.
1224 2351 1260 2378 16
1284 2349 1421 2380 σεαυτὸν
1437 2348 1548 2386 vulg.:

226 2394 321 2424 αὐτὸν
340 2404 373 2424 r:
400 2394 440 2425 σὺ
458 2395 554 2425 αὐτὸν
573 2394 630 2424 S¹t
657 2406 694 2425 σε
713 2395 808 2425 αὐτὸν
825 2393 991 2424 Schaefer
1136 2395 1238 2430 16-17
1263 2391 1322 2431 μὲν
1340 2416 1346 2423 .
1367 2414 1374 2422 .
1394 2416 1401 2423 .
1416 2390 1549 2432 τούτου]

227 2434 265 2467 σὲ
282 2460 288 2467 .
310 2461 316 2467 .
335 2461 342 2468 .
361 2437 463 2477 τούτῳ
483 2437 507 2467 F
521 2437 551 2475 Q
566 2437 594 2466 D
694 2446 730 2466 21
759 2436 819 2476 ζῶν
839 2447 902 2467 om.
924 2447 940 2466 r
957 2437 1036 2476 Pap.
1127 2446 1168 2474 25
1194 2438 1312 2468 ἐκεῖνος
1331 2434 1549 2475 οὐδεπώποτ’]

225 2480 417 2511 οὐδεπώποθ’
436 2481 605 2521 (οὐδέποτε
626 2481 670 2518 D)
691 2483 706 2511 ὁ
723 2482 827 2520 πατὴρ
850 2480 873 2509 F
887 2480 916 2517 Q
931 2480 960 2509 D
