1685 2772
82 121 193 176 [851]

149 575 194 609 23

150 1051 194 1083 24

79 1370 192 1425 [852]

149 1581 191 1618 25

148 2111 193 2145 26

653 119 1141 158 ΔΗΜΟΣΘΕΝΟΎΣ
1435 114 1555 170 [xxm

225 229 419 283 μάρτυσιν
445 230 551 282 ἀξιοῖ
575 230 778 271 πιστεύειν
804 232 915 281 ὑμᾶς,
937 230 1027 272 τοὺς
1051 229 1085 269 δ’
1111 229 1227 281 ἐμοὺς
1253 229 1468 280 διαβάλλει
1493 247 1557 271 και

227 303 353 350 φησιν
379 298 422 338 οὐ
442 298 594 348 τάληθῆ
621 301 844 349 μαρτυρεῖν.
905 297 1107 348 βούλομαι
1132 297 1178 347 δὴ
1200 297 1261 336 καὶ
1289 299 1330 336 ἐκ
1350 300 1427 337 τῶν
1454 298 1555 337 εἰκό-

226 380 305 405 των
329 365 417 417 περὶ
443 365 569 405 αὐτῶν
590 365 726 404 εἰπεῖν.
790 363 862 404 οἶδ’
881 363 949 404 οὖν
965 364 1026 404 ὅτι
1041 363 1184 405 πάντες
1200 363 1248 403 ἂν
1265 362 1558 416 ὁμολογήσαιτε

226 431 316 473 τοὺς
340 434 388 472 τὰ
412 434 539 484 ψευδῆ
564 434 859 483 μαρτυροῦντας
885 427 1107 482 ἢκέρδεσιν
1132 430 1180 470 δι’
1207 431 1372 483 ἀπορίαν
1397 432 1555 482 ἐπαιρο-

225 497 366 549 μένους
390 495 412 549 ἢ
439 497 486 538 δι’
505 494 717 550 ἑταιρίανῆ
745 497 809 538 καὶ
834 497 881 538 δι’
908 497 1056 550 ἔχθραν
1074 501 1152 538 τῶν
1172 498 1378 537 ἀντιδίκων
1403 497 1557 538 ἐθέλειν

224 564 273 605 ἄν
297 582 335 605 τι
359 569 536 606 τοιοῦτον
562 567 739 615 ποιῆσαι.
801 564 951 605 τούτων
981 565 1113 605 τοίνυν
1142 564 1230 605 οὐδὲ
1255 563 1303 604 δι’
1329 564 1370 604 ἓν
1395 563 1444 605 ἂν
1477 564 1557 605 εἶεν

226 632 311 682 ἐμοὶ
345 633 697 685 μεμαρτυρηκότες.
751 632 841 672 οὔτε
877 633 951 684 γὰρ
990 633 1139 685 ἑταιρίᾳ
1174 630 1270 681 (πῶς
1306 630 1400 684 γάρ;
1437 632 1480 672 οἵ
1509 648 1557 684 γε

223 697 312 750 μήτ’
338 700 380 739 ἐν
413 703 497 741 ταῖς
534 699 669 741 αὐταῖς
706 702 930 751 διατριβαῖς
955 697 1053 749 μήτε
1089 698 1175 738 καθ’
1210 699 1380 749 ἡλικίαν,
1406 697 1459 750 μὴ
1495 699 1558 738 ὅτι

225 766 317 816 ἐμοί
337 783 439 808 τινες
463 766 603 812 αὐτῶν,
627 765 719 806 ἀλλ’
738 766 827 806 οὐδὲ
854 767 1001 818 σφίσιν
1027 765 1158 807 αὐτοῖς
1179 763 1308 815 εἰσίν),
1328 764 1407 805 οὔτ’
1433 765 1558 819 ἔχθρᾳ

225 833 375 873 τούτου·
427 833 599 886 φανερὸν
625 834 701 885 γὰρ
737 834 799 873 καὶ
824 831 926 872 τοῦτ’
952 832 1077 873 ἔστιν·
1127 834 1146 872 ὁ
1175 834 1247 883 μὲν
1271 833 1346 885 γὰρ
1380 833 1557 883 ἀδελφὸς

226 901 288 940 καὶ
314 900 507 945 σύνδικος,
536 902 668 941 Φᾶνος
695 899 727 939 δ’
755 898 974 950 ἐπιτήδειος
1001 901 1062 940 καὶ
1089 899 1274 952 φυλέτης,
1295 900 1498 940 Φίλιππος
1521 898 1556 939 δ’

226 967 315 1007 οὔτε
334 968 451 1019 φίλος
477 966 556 1007 οὔτ’
584 967 739 1019 ἐχθρός,
769 966 865 1006 ὥστ’
893 966 981 1007 οὐδὲ
1006 967 1150 1017 ταύτην
1175 966 1224 1006 ἄν
1256 983 1314 1007 τις
1348 965 1555 1018 ἐπενέγκοι

225 1035 381 1075 δικαίως
413 1033 484 1084 τὴν
526 1035 667 1074 αἰτίαν.
743 1034 804 1073 καὶ
846 1033 924 1085 μὴν
963 1034 1050 1074 οὐδὲ
1095 1033 1143 1073 δι’
1191 1034 1359 1086 ἀπορίαν
1401 1033 1450 1074 ἄν
1495 1049 1556 1075 τις

224 1099 406 1153 φήσειεν·
445 1100 587 1142 πάντες
621 1102 696 1153 γὰρ
725 1100 929 1151 κέκτηνται
955 1100 1151 1151 τοσαύτην
1187 1100 1327 1141 οὐσίαν
1359 1102 1465 1141 ὥστε
1491 1101 1555 1141 καὶ

222 1172 456 1224 λῃτουργεῖν
496 1169 586 1219 ὑμῖν
623 1168 832 1220 προθύμως
870 1169 932 1208 καὶ
967 1170 1015 1207 τὰ
1050 1169 1376 1220 προσταττόμενα
1410 1170 1552 1208 ποιεῖν.

223 1235 345 1288 χωρὶς
392 1238 434 1276 δὲ
473 1236 621 1276 τούτων
661 1235 740 1275 οὔτ’
784 1236 958 1287 ἀγνῶτες
996 1236 1087 1285 ὑμῖν
1126 1234 1204 1275 οὔτ’
1245 1236 1307 1275 ἐπὶ
1346 1236 1394 1274 τὰ
1432 1235 1553 1288 χείρω

223 1303 551 1354 γιγνωσκόμενοι,
578 1302 731 1354 μέτριοι
757 1301 790 1342 δ’
817 1304 929 1343 ὅντες
961 1301 1173 1354 ἄνθρωποι.
1246 1304 1371 1342 καίτοι
1408 1303 1441 1342 εἰ
1463 1300 1555 1354 μήτ’

224 1368 365 1420 ἄποροι
395 1369 482 1421 μήτ’
510 1370 645 1422 ἐχθροὶ
679 1369 818 1409 τούτου
847 1368 937 1420 μήτ’
968 1369 1054 1420 ἐμοὶ
1085 1371 1211 1421 φίλοι,
1238 1372 1320 1410 πῶς
1355 1368 1430 1422 χρὴ
1458 1370 1556 1409 κατὰ

225 1437 373 1477 τούτων
397 1441 543 1488 λαβεῖν
563 1436 634 1477 τιν’
655 1437 835 1489 ὑποψίαν
856 1436 907 1478 ὡς
932 1438 980 1476 τὰ
1005 1438 1133 1489 ψευδῆ
1152 1439 1437 1488 μαρτυροῦσιν;
1475 1436 1554 1489 ἐγὼ

224 1505 297 1554 μὲν
321 1505 396 1556 γὰρ
422 1504 491 1544 οὐκ
516 1504 615 1544 οἶδα.

291 1573 425 1611 Ταῦτα
449 1572 581 1611 τοίνυν
612 1571 724 1612 οὗτος
756 1571 879 1616 εἰδώς,
914 1570 977 1610 καὶ
1007 1569 1166 1611 πάντων
1197 1570 1359 1622 μάλιστ’
1387 1569 1552 1610 ἐπιστά-

224 1653 342 1687 μενος
366 1639 518 1688 τάληθῆ
543 1638 888 1689 μεμαρτυρηκότας
913 1637 1064 1683 αὐτούς,
1092 1639 1196 1688 ὅμως
1223 1640 1468 1689 συκοφαντεῖ
1491 1638 1558 1678 καί

225 1709 351 1756 φησιν
386 1705 431 1744 οὐ
466 1706 588 1755 μόνον
626 1704 692 1744 οὐκ
733 1706 856 1745 εἰπεῖν
892 1707 1026 1751 ταῦτα,
1053 1705 1078 1744 ἃ
1110 1708 1190 1745 πῶς
1220 1721 1277 1746 τις
1313 1703 1361 1744 ἂν
1395 1707 1554 1754 μᾶλλον

225 1769 470 1824 ἐξελέγξειεν
495 1773 697 1823 εἰρηκότα,·
739 1772 845 1811 ἀλλὰ
872 1771 934 1810 καὶ
960 1774 1104 1811 δοῦλον
1131 1771 1230 1812 εἶναι
1254 1771 1322 1812 τὸν
1347 1770 1554 1823 ἄνθρωπον

223 1841 276 1892 τῷ
315 1840 412 1879 ὄντι.
483 1840 684 1890 βούλομαι
732 1840 773 1879 δὲ
819 1840 881 1878 διὰ
920 1838 1108 1891 βραχέων
1157 1839 1277 1879 εἰπὼν
1315 1837 1413 1890 πρὸς
1453 1839 1554 1889 ὑμᾶς

223 1904 430 1957 ἐξελέγξαι
456 1906 517 1946 καὶ
543 1905 648 1946 ταῦτ’
675 1905 793 1946 αὐτὸν
819 1906 1081 1958 ψευδόμενον.
1143 1906 1222 1958 ἐγὼ
1248 1905 1334 1957 γάρ,
1362 1902 1391 1944 ὦ
1417 1903 1554 1956 ἄνδρες

223 1974 417 2018 δικασταί,
437 1974 500 2013 καὶ
525 1973 612 2024 περὶ
638 1973 786 2013 τούτων
807 1972 987 2022 ἠθέλησα
1012 1972 1135 2027 τούτῳ
1161 1975 1400 2024 παραδοῦναι
1417 1976 1551 2022 βασα-

223 2038 342 2088 νίζειν
375 2042 445 2082 τὰς
482 2041 731 2092 θεραπαίνας,
759 2040 798 2080 αἲ
829 2043 1093 2081 τελευτῶντος
1122 2043 1191 2079 τοῦ
1223 2038 1368 2090 πατρὸς
1402 2055 1551 2089 μνημο-

222 2105 403 2147 νεύουσιν
430 2106 631 2159 ἀφεθέντα
663 2110 801 2151 τοῦτον
832 2107 1042 2158 ἐλεύθερον
1073 2106 1173 2147 εἶναι
1204 2106 1305 2146 τότε.
1368 2106 1431 2146 καὶ
1457 2104 1553 2157 πρὸς

267 2225 287 2256 3
311 2216 536 2257 ὁμολογήσετε
555 2216 578 2248 S
590 2217 620 2247 A
636 2217 678 2248 al.
796 2226 815 2255 5
841 2217 982 2256 ἑταιρίαν
1003 2216 1026 2247 S
1040 2216 1071 2246 A
1091 2216 1238 2258 (επηριαν
1255 2215 1308 2255 S')
1325 2226 1331 2247 :
1358 2215 1515 2256 ἑταιρείαν
1527 2214 1555 2245 F

225 2270 241 2299 7
268 2262 406 2302 ἑταιρεΐᾳ
424 2260 449 2290 F
515 2270 536 2299 9
560 2260 632 2292 οὐδὲ
650 2260 674 2290 S
693 2260 760 2297 (me
779 2262 882 2300 teste)
904 2260 954 2290 A:
982 2262 1056 2291 οὔτε
1075 2260 1099 2290 F
1114 2260 1143 2289 D
1214 2269 1248 2289 11
1275 2261 1303 2290 δ’
1317 2258 1406 2299 οὔτε]
1424 2272 1462 2290 τε
1479 2260 1553 2290 οὔτε

225 2303 262 2335 S¹
393 2313 429 2342 15
455 2304 659 2344 λειτουργίαν
677 2303 714 2334 S¹
831 2305 870 2333 16
893 2302 950 2343 τὰ]
969 2304 1007 2334 τὸ
1025 2303 1049 2334 S
1165 2304 1202 2333 18
1227 2307 1303 2342 post
1320 2302 1436 2334 τούτου
1453 2300 1474 2330 ii
1488 2301 1550 2332 litt.

223 2348 256 2377 in
275 2346 298 2377 S
317 2357 434 2377 erasae
524 2348 591 2386 ἐμοὶ
610 2357 673 2378 om.
694 2347 719 2377 F
734 2346 764 2377 D
853 2356 894 2375 22
918 2360 1145 2388 μεμαρτυρηκα
1162 2346 1215 2376 vel
1232 2359 1305 2378 -καν
1322 2345 1359 2376 Sl
1450 2355 1489 2383 23
1514 2346 1553 2377 ἄν

224 2404 272 2423 τις
291 2390 321 2420 D
410 2400 451 2429 25
476 2390 526 2430 δὲ]
544 2391 582 2428 δὴ
601 2389 700 2421 Blass
789 2391 832 2420 26
855 2391 947 2422 ταῦτ’
967 2391 1065 2422 αὐτὸν
1080 2389 1134 2421 A:
1157 2403 1275 2422 ταυτον
1294 2389 1368 2428 (ταῦ
1384 2391 1484 2429 sscr.)
1504 2387 1552 2419 S:

223 2437 311 2466 τοῦτ’
329 2436 426 2466 αὐτὸν
441 2435 527 2473 vulg.

1576 515 1595 547 5

1582 851 1621 873 10

1576 1188 1613 1221 15

1574 1520 1620 1544 20
