1685 2772
132 84 263 139 xxxv]
534 88 693 126 ΠΡΟΣ
743 87 1060 126 ΛΑΚΡΙΤΟΝ

128 191 394 260 Ἀργενομίὸης
414 194 628 243 Στράτωνος
648 194 835 243 Θριάσιος,
858 192 1044 241 Φιλτάδης
1066 192 1323 241 Κτησικλέους
1344 190 1461 229 Ξυπε-

129 265 249 286 Ταιων.

195 348 247 388 ‘H
282 352 354 400 μὲν
388 350 563 390 ἀναίδεια
595 349 752 399 τοιαύτη
788 353 866 389 τῶν
901 348 1119 399 ἀνθρώπων
1154 348 1301 388 τούτων
1339 346 1462 387 ἐστίν.

129 417 238 468 ὑμεῖς
262 415 317 462 δέ,
345 415 374 456 ὦ
405 416 539 469 ἄνδρες
571 416 767 463 δικασταί,
795 418 1028 467 ἐνθυμεῖσθε
1057 418 1153 468 πρὸς
1181 415 1278 465 ὑμᾶς
1308 413 1461 459 αὐτούς,

90 500 107 530 5
131 485 167 523 εἴ
202 500 310 524 τινας
348 483 496 524 πώποτ’
534 486 622 524 ἴστε
658 480 681 534 ἢ
717 483 915 533 ἠκούσατε
948 482 1058 523 οἶνον
1090 480 1281 532 Ἀθήναζε
1319 482 1360 520 ἐκ
1397 484 1464 519 τοῦ

131 551 288 590 Πόντου
321 550 403 591 κατ’
435 552 626 603 ἐμπορίαν
659 551 963 603 εἰσαγαγόντας,
998 549 1130 590 ἄλλως
1162 566 1203 589 τε
1236 548 1300 588 καὶ
1334 550 1460 601 Κῷον.

131 620 208 657 πᾶν
231 620 308 670 γὰρ
333 617 457 667 δήπου
481 618 709 658 τούναντίον
736 619 790 658 εἰς
815 616 882 657 τὸν
910 617 1068 657 Πόντον
1094 617 1114 655 ὁ
1135 615 1241 657 οἶνος
1259 613 1462 666 εἰσάγεται

130 685 173 724 ἐκ
206 689 283 724 τῶν
316 686 448 725 τόπων
480 689 558 725 τῶν
589 686 677 737 περὶ
712 684 825 735 ἡμᾶς,
855 686 896 724 ἐκ
933 683 1173 735 Πεπαρήθου
1208 683 1269 723 καὶ
1304 684 1368 721 Κῶ
1401 682 1461 721 καὶ

130 750 286 794 Θάσιος
315 752 378 792 καὶ
410 754 608 792 Μενδαῖος
640 752 702 792 καὶ
733 750 780 801 ἐξ
808 750 944 791 ἄλλων
976 754 1093 791 τινῶν
1125 751 1282 791 πόλεων
1315 765 1458 789 παντο-

72 835 110 858 10
127 818 264 859 δαπός·
304 819 346 857 ἐκ
378 820 421 858 δὲ
451 822 520 858 τοῦ
556 819 713 858 Πόντου
745 817 858 870 ἕτερά
893 819 1002 858 ἐστιν
1039 818 1063 857 ἃ
1099 816 1301 869 εἰσάγεται
1337 818 1460 867 δεῦρο.

129 885 387 938 κατεχόμενοι
414 887 455 925 δὲ
479 885 548 937 ὑφ’
574 885 685 935 ἡμῶν
715 885 779 925 καὶ
808 885 1069 937 ἐλεγχόμενοι
1094 885 1131 924 εἴ
1152 900 1189 923 τι
1215 881 1460 934 περιγένοιτο

127 955 205 991 τῶν
238 951 452 1004 χρημάτων
483 954 524 992 ἐν
553 952 607 1007 τῷ
633 952 790 1006 Πόντῳ,
819 952 1052 1003 ἀπεκρίνατο
1087 948 1278 1002 Λάκριτος
1311 948 1459 994 οὑτοσί,

127 1019 188 1059 ὅτι
236 1019 377 1059 ἑκατὸν
418 1022 611 1071 στατῆρες
649 1018 859 1069 Κυζικηνοὶ
897 1017 1182 1071 περιγένοιντο,
1237 1017 1299 1057 καὶ
1347 1020 1461 1056 τοῦτο

127 1085 171 1126 τὸ
209 1087 378 1139 χρυσίον
415 1086 646 1129 δεδανεικὼς
687 1087 745 1136 εἴη
782 1085 959 1138 ἁδελφὸς
993 1085 1113 1125 αὐτοῦ
1153 1086 1194 1125 ἐν
1230 1084 1281 1139 τῷ
1319 1083 1460 1137 Πόντῳ

70 1169 105 1201 15
128 1153 333 1208 ναυκλήρῳ
362 1154 439 1194 τινὶ
469 1154 695 1209 Φασηλίτῃ,
728 1153 871 1209 πολίτῃ
897 1152 960 1193 καὶ
988 1152 1192 1205 ἐπιτηδείῳ
1223 1153 1372 1198 ἑαυτοῦ,
1399 1150 1461 1190 καὶ

128 1220 172 1259 οὐ
207 1220 364 1260 δύναιτο
403 1221 656 1272 κομίσασθαι,
691 1221 798 1260 ἀλλὰ
831 1220 977 1273 σχεδόν
1003 1236 1040 1259 τι
1069 1218 1279 1259 ἀπολωλὸς
1309 1219 1367 1268 ε’ίη
1400 1217 1462 1257 καὶ

127 1290 251 1328 τοῦτο.
323 1287 430 1327 ταῦτ’
456 1289 568 1328 ἐστὶν
594 1289 619 1328 ἃ
641 1287 781 1340 ἔλεγεν
810 1286 1004 1340 Λάκριτος
1030 1286 1178 1326 οὑτοσί.
1248 1285 1270 1336 ἡ
1296 1287 1338 1325 δὲ
1365 1302 1459 1337 συγ-

128 1354 263 1406 γραφὴ
289 1355 332 1394 οὐ
362 1358 484 1395 ταῦτα
512 1354 635 1407 λέγει,
663 1353 692 1394 ὦ
721 1354 860 1406 ἄνδρες
888 1354 1081 1400 δικασταί,
1114 1352 1207 1393 ἀλλ’
1233 1353 1457 1404 ἀντιφορτι-

131 1420 326 1472 σαμένους
351 1422 520 1474 ἀπάγειν
542 1422 691 1461 κελεύει
712 1420 917 1471 Ἀθήναζε,
936 1421 980 1460 οὐ
1000 1420 1189 1470 δανείζειν
1208 1419 1366 1459 τούτους
1386 1419 1461 1472 ὅτῳ

71 1503 111 1525 20
128 1486 177 1527 ἂν
212 1488 439 1539 βούλωνται
476 1490 518 1528 ἐν
555 1489 607 1543 τῷ
646 1489 787 1542 Πόντῳ
819 1489 868 1527 τὰ
899 1487 1069 1539 ἡμέτερα
1100 1486 1193 1527 ἄνευ
1223 1487 1345 1537 ἡμῶν,
1372 1484 1463 1525 ἀλλ’

130 1554 322 1605 Ἀθήναζε
347 1554 539 1608 παρέχειν
563 1554 752 1607 ἀνέπαφα
774 1554 880 1605 ἡμῖν,
904 1554 977 1595 ἕως
995 1553 1043 1594 ἂν
1060 1553 1174 1604 ἡμεῖς
1194 1552 1464 1603 ἀπολάβωμεν

130 1622 177 1660 τὰ
213 1620 397 1674 χρήματα
433 1623 512 1661 ὅσα
548 1622 820 1673 ἐδανείσαμεν.
882 1621 947 1661 καί
979 1637 1045 1672 μοι
1082 1620 1357 1673 ἀναγίγνωσκε
1393 1618 1464 1669 τὴν

130 1688 367 1741 συγγραφὴν
392 1688 527 1730 πάλιν.

689 1813 904 1843 ΣὙΓΓΡΑΦΗ.

74 1902 111 1933 25
200 1889 392 1940 Πότερον,
420 1887 448 1928 ὦ
474 1887 610 1939 ἄνδρες
634 1887 830 1932 δικασταί,
858 1886 1046 1935 δανείζειν
1080 1885 1232 1925 κελεύει
1260 1885 1416 1924 τούτους
1440 1884 1463 1934 ἡ

134 1955 348 2008 συγγραφὴ
386 1957 434 1995 τὰ
469 1954 651 2006 ἡμέτερα,
681 1955 742 1994 καὶ
778 1957 895 1994 ταῦτα
932 1953 1123 2007 ἀνθρώπῳ
1160 1951 1204 1992 ὃν
1236 1952 1348 2002 ἡμεῖς
1376 1951 1463 1991 οὔτε

185 2071 197 2090 1
225 2059 387 2097 Φιλτάδης
404 2058 546 2089 Voemel
564 2069 571 2088 τ
594 2058 752 2096 Φιατάδης
768 2057 798 2087 Α
814 2069 821 2088 t
845 2057 1018 2095 Φιλτιάδης
1034 2057 1121 2095 vulg.
1301 2065 1320 2094 3
1344 2055 1466 2087 τούτων

138 2104 161 2133 S
176 2115 182 2134 :
208 2104 344 2135 τουτωνί
360 2102 391 2132 Α
406 2114 412 2133 :
436 2102 560 2134 τούτων
576 2102 609 2142 γ’
630 2101 718 2139 vulg.
864 2111 882 2139 5
909 2101 1068 2139 ἀκηκόατε
1086 2101 1116 2130 Α
1216 2101 1251 2130 ἐκ
1267 2102 1323 2130 τοῦ
1338 2099 1466 2130 Πόντου

136 2152 214 2178 ante
232 2148 315 2179 οἶνον
334 2146 364 2176 Α
552 2147 573 2175 6
598 2147 669 2176 κατ’
688 2145 711 2174 S
725 2144 776 2175 A:
802 2146 846 2177 εἷς
863 2145 952 2183 vulg.
1091 2142 1326 2184 εἰσαγαγόντας
1344 2142 1442 2172 Blass
1458 2154 1463 2172 ;

138 2190 330 2231 εἰσάγοντας
349 2190 444 2220 codd.
531 2199 548 2227 7
574 2188 613 2226 δῆ
628 2202 690 2228 γαρ
707 2188 766 2219 7ι’-’ὀυ
785 2188 807 2218 S
864 2191 879 2219 ὁ
898 2189 978 2220 οἶνος
997 2187 1020 2218 S
1037 2198 1043 2218 1
1068 2188 1150 2219 οἶνος
1167 2186 1257 2225 vulg.
1327 2196 1348 2224 9
1371 2188 1466 2216 τινῶν

138 2244 202 2264 om.
220 2234 252 2263 A
445 2242 482 2271 14
508 2231 649 2272 ἁδελφός
668 2231 768 2262 Dind.
790 2242 798 2262 ι
826 2234 841 2262 ὁ
859 2232 907 2263 ἇδ.
925 2231 976 2260 A:
1010 2232 1058 2262 ἇδ.
1073 2231 1160 2269 vulg.
1182 2230 1270 2269 (sine
1287 2228 1405 2268 spiritu
1424 2228 1464 2261 S)

141 2286 180 2316 15
210 2283 243 2308 Φ.
266 2277 383 2318 πολίτῃ
402 2286 467 2306 orn.
489 2276 512 2306 S
598 2276 699 2314 16-17
725 2275 889 2306 καὶτοῦτο
906 2285 968 2305 om.
993 2273 1017 2304 S
1113 2284 1149 2312 17
1175 2272 1285 2312 ταῦτ’]
1302 2271 1422 2303 τοιαῦτ’
1442 2270 1465 2301 S

140 2330 226 2351 corr.
246 2320 290 2358 (οι
308 2320 342 2350 in
361 2322 441 2356 ras.)
535 2329 575 2358 19
599 2318 724 2350 τούτοις
741 2318 765 2347 S
856 2317 934 2358 ὅτῳ]
955 2319 1031 2349 ὅπου
1047 2316 1079 2346 Α
1188 2325 1225 2346 21
1252 2317 1342 2354 ἡμεῖς
1358 2325 1421 2345 om.
1437 2314 1468 2344 A

140 2375 180 2403 24
206 2363 375 2404 pactionis
392 2363 566 2393 formulam
583 2362 625 2402 (v.
649 2364 685 2399 ἐξ
701 2360 821 2400 Ιο-Ι3)
840 2366 997 2401 repetunt
1015 2360 1081 2399 FQ
1094 2360 1124 2390 D
1236 2368 1277 2398 25
1302 2358 1426 2390 τούτοις
1443 2358 1467 2388 S

1494 75 1616 130 [935]

1495 180 1617 235 [935]

1494 357 1536 393 35

1494 1293 1538 1328 37

1497 1846 1614 1948 2337]
