1685 2772
158 131 338 187 xxxvm]
503 137 670 175 ΠΡΟΣ
707 137 1126 175 ΝΑΎΣΙΜΑΧΟΝ
1515 124 1642 182 [990]

156 242 329 294 ἀγνῶτες
364 240 479 291 ἦσαν·
533 244 653 281 ταῦτα
689 243 731 282 δὲ
766 241 910 283 πάντες
947 241 1075 294 φασὶν
1104 239 1290 293 μεγάλων
1323 241 1482 281 δικαίων

156 309 311 363 ἰσχύειν
336 307 459 348 πλέον
485 308 576 360 παρ’
600 310 702 359 ὑμῖν.

213 374 309 415 οὈτι
334 375 464 415 τοίνυν
490 375 569 415 οὐδ’
596 375 835 428 ἀνάσχοισθ’
860 373 907 415 ἂν
933 374 1059 415 αὐτῶν
1075 375 1233 415 εἰκότως
1258 374 1370 414 οὐδὲν
1395 372 1484 424 περὶ
1514 384 1554 409 21

154 446 223 494 τῆς
249 444 475 494 ἐπιτροπῆς,
503 442 566 482 καὶ
593 442 696 482 τοῦτ’
716 444 847 493 οἴομαι
883 440 1038 492 δείξειν.
1100 443 1133 482 εἰ
1159 443 1234 493 γὰρ
1260 441 1311 483 ὡς
1335 440 1417 480 οἶόν
1442 456 1484 479 τε

117 526 135 559 5
154 509 312 562 μέγιστ’
341 509 553 559 ἠδικῆσθαι
582 509 666 560 δοίη
699 526 757 550 τις
789 509 920 550 αὐτοῖς
957 509 1017 549 καὶ
1048 509 1151 561 ἐρεῖν
1184 507 1324 549 ἅπαντ’
1355 507 1483 556 ἀληθῆ

155 576 243 628 περὶ
262 576 411 616 τούτων
428 576 524 622 νυνί,
548 577 677 616 ἐκεῖνό
693 576 728 628 γ’
749 576 857 627 οἶμαι
875 575 1025 616 πάντας
1044 575 1091 615 ἂν
1107 576 1204 626 ὑμᾶς
1221 575 1482 626 ὁμολογῆσαι,

155 644 216 683 ὅτι
240 644 375 683 πολλὰ
411 642 673 694 συμβέβηκεν
698 642 912 693 ἠδικῆσθαί
940 659 1046 682 τισιν
1079 641 1151 692 ἤδη
1184 642 1301 692 μείζω
1327 644 1403 680 τῶν
1429 641 1484 681 εἷς

155 709 340 763 χρήματα
363 709 608 761 γιγνομένων
641 709 902 761 ἀδικημάτων·
956 709 1017 748 καὶ
1050 710 1125 760 γὰρ
1156 709 1336 748 ἀκούσιοι
1365 708 1484 759 φόνοι

157 777 219 817 καὶ
235 777 372 828 ὕβρεις
388 778 442 817 εἷς
462 777 485 816 δ.
499 776 551 827 μὴ
572 779 632 816 δεῖ
650 777 711 816 καὶ
736 778 870 817 πολλὰ
895 774 1039 816 τοιαῦτ’
1057 774 1274 826 ἀδικήματα
1292 775 1482 826 γίγνεται.

99 862 138 884 10
157 843 248 883 ἀλλ’
281 845 385 894 ὅμως
413 843 562 883 τούτων
593 842 779 883 ἁπάντων
812 844 900 893 ὅρος
931 843 994 882 καὶ
1026 843 1142 883 λύσις
1174 846 1253 882 τοῖς
1287 843 1483 882 παθοῦσιν
1519 834 1637 890 [991]

156 910 337 950 τέτακται
356 913 400 950 τὸ
426 909 663 952 πεισθέντας
689 911 862 963 ἀφεῖναι.
922 909 986 950 καὶ
1009 908 1115 949 τοῦθ’
1141 910 1241 949 οὕτω
1266 907 1310 948 τὸ
1334 908 1484 948 δίκαιον
1515 921 1558 945 22

156 978 199 1017 ἐν
234 980 357 1018 ’πᾶσιν
395 977 538 1030 ἰσχύει,
574 976 667 1017 ὥστ’
698 979 765 1017 ἐὰν
802 977 905 1017 ἑλών
941 993 999 1018 τις
1035 976 1223 1016 ἀκουσίου
1259 976 1385 1028 φόνου
1421 975 1483 1014 καὶ

156 1048 337 1097 φανερῶς
375 1043 571 1095 ἐπιδείξας
606 1043 657 1095 μὴ
696 1045 878 1096 καθαρόν,
916 1046 1015 1095 μετὰ
1047 1043 1153 1083 ταῦτ’
1187 1042 1392 1093 αἰδέσηται
1422 1041 1484 1081 καὶ

155 1112 252 1168 ἀφῇ,
290 1111 416 1151 οὐκέτ’
449 1112 640 1163 ἐκβαλεῖν
670 1112 799 1164 κύριος
828 1111 898 1152 τὸν
934 1111 1053 1151 αὐτόν
1090 1113 1214 1151 ἐστιν.
1287 1109 1357 1150 εἶθ’
1387 1110 1484 1161 ὑπὲρ

97 1195 134 1226 15
154 1180 227 1229 μὲν
262 1181 398 1231 ψυχῆς
436 1179 498 1219 καὶ
534 1183 611 1219 τῶν
640 1180 842 1231 μεγίστων
871 1179 994 1220 οὕτως
1030 1178 1163 1231 ἰσχύει
1201 1177 1262 1217 καὶ
1297 1176 1407 1229 μένει
1439 1175 1484 1216 τὸ

156 1246 328 1298 ἀφεῖναι,
346 1247 443 1297 ὑπὲρ
459 1248 501 1286 δὲ
517 1245 729 1299 χρημάτων
747 1246 808 1286 καὶ
825 1247 1050 1286 ἐλαττόνων
1067 1244 1325 1298 ἐγκλημάτων
1342 1244 1484 1295 ἄκυρον

157 1313 290 1359 ἔσται,·
317 1315 515 1363 μηδαμῶς.
575 1313 619 1352 οὐ
646 1315 720 1365 γὰρ
747 1314 779 1353 εἰ
811 1313 864 1364 μὴ
890 1317 967 1353 τῶν
993 1313 1152 1353 δικαίων
1176 1313 1254 1364 ἐγὼ
1280 1310 1370 1363 παρ’
1395 1312 1484 1361 ὑμῖν

156 1379 353 1430 τεύξομαι,
394 1379 497 1419 τοῦτ’
539 1379 628 1420 ἔστι
665 1380 902 1426 δεινότατον,
941 1379 1032 1420 ἀλλ’
1071 1381 1103 1420 εἰ
1139 1382 1300 1432 πρᾶγμα
1335 1379 1485 1418 δίκαιον

159 1446 379 1498 ὡρισμένον
406 1448 448 1486 ἐκ
473 1446 620 1488 παντὸς
646 1449 714 1486 τοῦ
739 1448 883 1499 χρόνου
907 1449 975 1487 νῦν
1002 1445 1331 1496 καταλυθήσεται.

98 1529 137 1551 20
226 1513 310 1553 Οὐκ
336 1513 567 1564 ἐμίσθωσαν
591 1514 701 1564 ἡμῶν
729 1513 797 1553 τὸν
830 1514 950 1560 οἶκον,
976 1515 1074 1555 ἴσως
1099 1515 1268 1566 ἐροῦσιν.
1339 1511 1384 1552 οὐ
1410 1512 1484 1564 γὰρ
1516 1523 1559 1557 23

157 1580 341 1630 ἐβούλεθ’
368 1581 387 1619 ὁ
414 1583 516 1622 θεῖος
539 1582 646 1631 ὑμῶν
672 1582 928 1631 Ξενοπείθης,
956 1582 1062 1621 ἀλλὰ
1088 1580 1288 1633 φήναντος
1319 1580 1486 1619 Νικίδου

157 1647 247 1688 τοὺς
264 1649 452 1689 δικαστὰς
469 1648 630 1688 ἔπεισεν
647 1649 763 1688 ἐᾶσαι
782 1647 899 1688 αὑτὸν
919 1651 1092 1688 διοικεῖν·
1131 1647 1193 1687 καὶ
1212 1645 1319 1686 ταῦτ’
1345 1647 1485 1686 ’ίσασιν

157 1713 313 1756 πάντες.
385 1717 518 1755 πολλὰ
543 1714 767 1766 διήρπασαν
790 1715 900 1766 ἡμῶν
928 1717 1081 1755 ἐκεῖνοι.
1141 1715 1280 1754 οὐκοῦν
1304 1712 1352 1763 ἣν
1379 1712 1482 1752 ἐπεί-

157 1781 281 1832 σθητέ
304 1799 363 1835 γε,
390 1782 538 1822 τούτων
565 1783 676 1832 δίκην
701 1782 791 1834 παρ’
818 1782 944 1822 αὐτῶν
978 1782 1104 1834 ἔχετε,
1134 1781 1195 1820 καὶ
1221 1781 1265 1820 οὐ
1290 1779 1484 1830 δήπουθεν

98 1860 135 1894 25
157 1847 278 1889 πάλιν
306 1852 366 1889 δεῖ
387 1853 532 1900 λαβεῖν
556 1850 654 1900 ὑμᾶς
678 1849 768 1901 παρ’
795 1851 900 1900 ἐμοῦ.
962 1850 1025 1889 ἵνα
1051 1851 1091 1888 δὲ
1117 1847 1205 1899 μηδ’
1231 1846 1358 1897 οἴησθ’
1385 1846 1487 1886 εἶναί
1514 1852 1559 1886 24

155 1933 192 1955 τι
208 1919 340 1963 ταῦτα,
363 1917 450 1957 ἔστι
474 1919 546 1967 μὲν
571 1916 638 1956 οὐκ
661 1918 751 1957 ἴσον
771 1917 865 1967 (πῶς
891 1915 1000 1968 γάρς)
1026 1916 1122 1967 πρὸς
1146 1914 1234 1955 τοὺς
1260 1913 1483 1966 πράξαντας

1457 1978 1477 1994 ⁶?

156 1982 469 2034 διαλυσαμένους
495 1987 571 2024 τῶν
596 1984 664 2023 οὐκ
691 1984 853 2024 εἰδότων
878 1987 1122 2035 κατηγορεῖν,
1151 1983 1254 2033 ὅμως
1278 1980 1426 2032 μέντοι,
1454 1998 1483 2019 ω

199 2103 218 2122 2
244 2095 357 2125 πλεῖον
376 2092 399 2123 S
513 2103 531 2131 4
557 2092 623 2124 οἶόν
641 2106 677 2125 τε
697 2092 733 2123 S1
751 2092 841 2132 vulg.
861 2103 868 2123 ε
893 2094 1012 2124 οἴονται
1031 2091 1054 2122 S
1072 2101 1156 2122 corr.
1174 2090 1205 2121 A
1324 2099 1343 2128 5
1369 2087 1482 2121 ἅπαντ’

157 2137 261 2175 ἀληθῆ
287 2137 396 2175 mass,
424 2136 464 2168 cf.
485 2137 601 2166 xxxvii
625 2138 690 2174 58:
715 2137 820 2168 πάντα
846 2135 986 2177 (ἅπαντα
1011 2136 1051 2174 S)
1076 2136 1202 2173 τάληθῆ
1231 2133 1326 2164 codd.
1463 2134 1484 2162 6

157 2180 278 2212 πάντας
296 2205 303 2212 .
322 2204 329 2210 .
350 2204 358 2212 .
378 2179 595 2220 ὁμολογῆσαι]
616 2180 729 2220 δείξειν
747 2179 814 2217 FQ
964 2190 981 2218 7
1006 2178 1121 2218 μειζων
1139 2177 1176 2208 51
1330 2187 1352 2216 9
1374 2176 1484 2207 πολλὰ

158 2223 182 2253 S
194 2224 223 2253 Α
238 2236 242 2253 ;
269 2225 357 2256 ἄλλα
372 2224 480 2255 πολλὰ
496 2223 585 2261 vulg.
679 2223 860 2262 ἀδικήματα
876 2233 943 2253 non
960 2223 1061 2253 habet
1078 2221 1193 2252 xxxvii
1211 2222 1253 2259 58
1269 2231 1276 2251 :
1300 2230 1365 2251 om.
1386 2220 1483 2249 Blass

159 2275 199 2296 10
223 2267 370 2299 ἁπάντων
386 2267 510 2298 τούτων
526 2266 557 2296 Α
574 2266 740 2296 θῒ.ΧΧΧνίἰ
758 2267 799 2304 58
817 2277 935 2297 omnes
1043 2276 1080 2296 12
1106 2267 1250 2297 ἑκουσίου
1267 2263 1291 2293 F
1308 2263 1337 2301 Q
1445 2272 1483 2300 13

158 2310 313 2351 φανερῶς]
332 2314 442 2350 σαφῶς
459 2309 489 2339 Α
506 2315 539 2340 et
556 2310 673 2339 xxxvii
691 2320 733 2349 59
750 2320 866 2340 omnes
960 2320 996 2347 14
1023 2308 1200 2346 ἐκβάλλειν
1216 2308 1247 2337 Α
1351 2317 1387 2344 17
1412 2305 1484 2347 παρ’

158 2354 242 2391 ὑμῶν
261 2353 367 2384 Bekk.
386 2353 518 2383 Anecd.
541 2363 611 2391 144.
635 2362 670 2391 14
792 2354 829 2382 18
853 2353 956 2385 δεινόν
974 2353 1000 2383 F
1013 2352 1042 2390 Q
1170 2362 1209 2390 19
1235 2353 1289 2383 νῦν
1307 2350 1392 2380 SA:
1418 2350 1483 2380 νυνὶ

157 2395 260 2435 vulg.‚
275 2399 315 2430 cs.
336 2397 453 2426 xxxvii
470 2398 513 2427 60
613 2407 654 2426 22
679 2398 776 2428 αὑτὸν
793 2397 906 2437 (αυτον
922 2397 967 2436 A)
986 2398 1116 2428 διοικεῖν
1133 2396 1216 2426 SA:
1241 2395 1370 2426 διοικεῖν
1388 2391 1484 2424 αὐτόν

159 2439 184 2469 F
198 2439 227 2477 Q
317 2451 358 2480 24
381 2454 420 2481 ’γε
440 2441 463 2471 S
480 2452 487 2472 ἓ
512 2451 576 2472 om.
596 2445 671 2471 cett.
765 2449 804 2479 25
829 2443 944 2472 οιεισθε
964 2439 1001 2470 Sl
1100 2449 1140 2477 27
1165 2437 1291 2479 μέντοι]
1314 2436 1348 2469 δὲ
1366 2436 1395 2473 Q
1412 2436 1441 2465 D
