1685 2772
69 132 189 187 [828]

67 252 190 306 [829]

149 522 195 559 50

148 992 189 1028 51

149 1392 192 1427 52

67 1911 188 1966 [830]

146 1993 188 2028 53

647 130 1141 169 ΔΗΜΟΣΘΕΝΟὙΣ
1422 126 1556 181 [xxvn

224 244 297 293 γὰρ
325 240 374 283 ὡς
399 240 615 292 ὀφείλοντά
645 258 693 292 με
719 239 929 281 κατέλιπεν
955 241 975 280 ὁ
1004 240 1131 292 πατὴρ
1157 241 1200 281 ἐν
1218 244 1300 282 τοῖς
1329 239 1557 294 γράμμασιν

224 307 440 359 ἀπέφηνεν,
462 307 541 348 οὐδ’
567 309 624 349 οἷς
650 307 940 348 ἀποδεδωκέναι
959 307 1067 348 ταῦτ’
1087 307 1163 359 ἔφη
1184 306 1434 361 παρέσχηται
1457 307 1555 361 μάρ-

223 391 350 426 τυρας,
382 374 460 414 οὔτ’
498 374 547 415 αὖ
581 374 651 415 τὸν
691 374 856 427 ἀριθμὸν
894 378 971 414 τῶν
1003 374 1216 428 χρημάτων
1245 375 1300 415 εἷς
1336 375 1424 416 τοὺς
1462 392 1554 416 συν-

223 442 456 493 ἐπιτρόπους
489 441 736 494 ἐπανέφερεν
768 442 866 481 ὅσον
896 441 1011 482 αὐτὸς
1045 442 1230 493 φαίνεται
1266 442 1421 492 λαβών,
1449 443 1556 482 ἀλλὰ

223 513 392 550 πολλοῖς
416 508 567 549 ἐλάττω
594 507 810 562 χρήμασιν.
882 509 1091 560 ἐρωτηθεὶς
1116 507 1149 548 δ’
1169 507 1246 548 ὑπὸ
1271 511 1339 548 τοῦ
1358 511 1556 560 διαιτητοῦ
1575 526 1593 558 5

222 574 342 615 ταῦτά
372 592 414 616 τε
445 575 529 615 καθ’
554 576 735 622 ἕκαστον,
765 575 828 615 καὶ
859 575 933 625 τὴν
967 575 1106 615 οὐσίαν
1137 574 1210 625 τὴν
1239 576 1357 615 αὑτοῦ
1385 576 1555 628 πότερον

223 643 265 682 ἐκ
312 646 388 682 τῶν
432 644 674 694 ἐπικαρπιῶν
714 639 738 693 ἢ
786 641 940 695 τάρχαῖ’
983 642 1210 682 ἀναλίσκων
1252 640 1445 697 διῴκηκεν,
1491 643 1554 683 καὶ

222 709 389 761 πότερον
416 709 709 761 ἐπιτροπευθεὶς
739 708 945 760 ἀπεδέξατ’
973 708 1019 749 ἂν
1043 713 1182 750 τοῦτον
1206 708 1275 750 τὸν
1299 710 1424 762 λόγον
1449 711 1555 762 παρὰ

222 780 298 817 τῶν
339 777 561 829 ἐπιτρόπων
601 773 625 827 ἢ
663 776 818 831 τάρχαῖ’
858 775 907 817 ἂν
945 777 1171 828 ἀπολαβεῖν
1211 775 1322 828 ἠξίου
1360 776 1436 817 σὺν
1471 781 1554 819 τοῖς

222 843 352 897 ἔργοις
380 848 464 885 τοῖς
496 843 788 896 γεγενημένοις,
815 843 912 896 πρὸς
942 845 1014 895 μὲν
1047 842 1154 883 ταῦτ’
1179 843 1402 896 ἀπεκρίνατ’
1425 843 1552 891 οὐδέν,
1577 865 1615 888 10

223 911 482 963 προύκαλεῖτο
502 903 532 951 δ’
556 910 710 951 ἐθέλειν
732 909 926 961 ἐπιδεῖξαί
946 927 1013 961 μοι
1038 910 1110 961 τὴν
1130 910 1268 951 οὐσίαν
1288 910 1381 951 δέκα
1404 910 1551 952 ταλάν-

221 995 300 1018 των
324 979 461 1018 οὖσαν·
501 979 533 1018 εἰ
559 977 602 1018 δέ
626 995 664 1018 τι
689 978 881 1024 ἐλλείποι,
907 977 1023 1019 αὐτὸς
1052 977 1129 1030 ἔφη
1159 976 1418 1029 προσθήσειν.
1489 995 1552 1019 κε-

221 1045 408 1087 λεύοντος
433 1044 466 1085 δ’
493 1046 587 1095 ἐμοῦ
617 1044 713 1097 πρὸς
743 1048 812 1085 τὸν
837 1044 1039 1094 διαιτητὴν
1063 1045 1323 1085 ἐπιδεικνύναι
1351 1044 1459 1085 ταῦτ’
1484 1046 1554 1086 οὐκ

220 1111 431 1161 ἐπέδειξεν,
467 1111 547 1151 οὐδ’
582 1112 632 1153 ὡς
663 1113 698 1152 οἱ
738 1112 1019 1162 συνεπίτροποι
1049 1110 1274 1162 παρέδοσαν
1304 1109 1364 1160 (οὐ
1396 1113 1472 1164 γὰρ
1504 1110 1554 1152 ἂν

221 1178 337 1219 αὐτοῦ
363 1176 666 1235 κατεδιῄτησεν),
699 1177 912 1230 μαρτυρίαν
938 1177 970 1217 δ’
995 1177 1213 1229 ἐνεβάλετο
1242 1178 1438 1228 τοιαύτην,
1465 1179 1554 1230 περὶ
1577 1197 1613 1230 ¹5

221 1245 267 1296 ἧς
292 1245 525 1297 πειράσεταί
546 1262 583 1285 τι
609 1244 757 1297 λέγειν.
831 1243 878 1285 ἂν
902 1246 976 1295 μὲν
1001 1245 1068 1285 οὖν
1094 1245 1156 1284 καὶ
1182 1247 1249 1285 νῦν
1275 1245 1382 1298 ἔχειν
1406 1262 1454 1296 με
1480 1250 1550 1302 φῇ,

221 1312 324 1353 τίνος
361 1313 603 1364 παραδόντος
640 1311 801 1364 ἐρωτᾶτ’
840 1311 970 1357 αὐτόν,
1009 1311 1071 1351 καὶ
1109 1310 1192 1351 καθ’
1225 1311 1394 1352 ἕκαστον
1426 1329 1551 1365 παρα-

222 1378 397 1432 σχέσθαι
421 1378 615 1432 μάρτυρας
642 1378 810 1429 ἀξιοῦτε.
883 1379 952 1418 ἐὰν
972 1377 1004 1418 δ’
1026 1377 1129 1419 εἶναί
1149 1395 1215 1429 μοι
1240 1383 1297 1435 φῇ
1321 1382 1460 1419 τοῦτον
1483 1378 1554 1419 τὸν

220 1446 379 1499 τρόπον,
409 1447 665 1498 λογιζόμενος
697 1447 744 1486 τὰ
777 1445 868 1497 παρ’
900 1445 1070 1500 ἑκατέρῳ
1107 1450 1185 1485 τῶν
1222 1446 1456 1497 ἐπιτρόπων,
1495 1448 1551 1486 δι-

221 1513 408 1555 πλασίοις
435 1512 585 1554 ἐλάττω
611 1512 835 1565 φανήσεται
860 1512 1005 1565 λέγων,
1030 1514 1174 1567 ἔχοντα
1199 1512 1232 1553 δ’
1259 1512 1370 1553 οὐδὲν
1393 1516 1554 1564 μᾶλλον
1575 1531 1615 1553 20

221 1580 466 1633 ἀποφαίνων.
539 1580 616 1632 ἐγὼ
655 1582 730 1632 γὰρ
773 1581 910 1634 ὥσπερ
950 1582 1013 1621 καὶ
1049 1584 1186 1621 τοῦτον
1227 1579 1386 1620 τοσαῦτ’
1422 1579 1553 1633 ἔχοντ’

221 1646 429 1700 ἐξήλεγξα,
472 1648 593 1689 οὕτως
636 1648 827 1688 κάκείνων
871 1648 1055 1700 ἑκάτερον
1097 1649 1166 1689 οὐκ
1207 1647 1360 1689 ἐλάττω
1401 1647 1554 1688 τούτων

221 1714 351 1768 ἔχοντ’
379 1713 570 1765 ἐπιδείξω.
644 1714 740 1754 ὥστ’
775 1715 820 1755 οὗ
850 1715 953 1756 τοῦτ’
984 1716 1085 1771 αὐτῷ
1118 1715 1294 1762 λεκτέον,
1330 1714 1421 1755 ἀλλ’
1449 1714 1499 1756 ὡς
1527 1711 1552 1765 ἢ

221 1780 337 1823 αὐτὸς
368 1778 391 1831 ἢ
426 1783 461 1822 οἱ
496 1783 779 1835 συνεπίτροποι
809 1782 1047 1836 παρέδοσαν.
1120 1784 1153 1824 εἰ
1186 1785 1228 1824 δὲ
1255 1783 1306 1835 μὴ
1337 1781 1440 1822 τοῦτ’
1465 1783 1550 1822 ἐπι-

221 1847 350 1899 δείξει,
386 1853 468 1890 πῶς
499 1849 576 1902 χρὴ
605 1850 727 1906 ταύτῃ
762 1855 810 1907 τῇ
846 1849 1067 1903 προκλήσει
1104 1849 1318 1903 προσέχειν
1353 1850 1452 1900 ὑμᾶς
1482 1848 1552 1889 τὸν
1573 1868 1611 1902 25

220 1918 330 1962 νοῦν;
368 1915 479 1956 οὐδὲν
504 1917 579 1968 γὰρ
604 1920 760 1968 μᾶλλον
787 1916 933 1970 ἔχοντά
956 1916 994 1968 μ’
1021 1919 1275 1958 ἐπιδείκνυσι.

287 1984 433 2023 Πολλὰ
462 1983 591 2024 τοίνυν
617 1984 826 2036 ἀπορηθεὶς
851 1983 948 2036 πρὸς
976 1988 1028 2038 τῷ
1062 1987 1239 2041 διαιτητῇ
1272 1984 1359 2036 περὶ
1392 1982 1551 2025 πάντων

219 2050 381 2096 τούτων,
415 2051 477 2090 καὶ
507 2050 590 2090 καθ’
623 2051 792 2091 ἕκαστον
828 2049 1137 2104 ἐξελεγχόμενος
1174 2051 1312 2103 ὥσπερ
1343 2051 1426 2091 νυνὶ
1459 2048 1550 2102 παρ’

269 2169 282 2189 Ι
309 2160 500 2192 κατέλειπεν
517 2159 551 2197 S,
572 2159 609 2189 cf.
630 2162 646 2197 §
663 2170 683 2198 4
816 2169 834 2188 2
859 2158 923 2191 οὐδ’
943 2159 989 2190 S:
1015 2158 1079 2191 οὔθ’
1096 2164 1175 2192 cett.
1323 2171 1342 2198 4
1367 2161 1504 2201 ὅσονπερ
1523 2159 1550 2191 F

221 2203 242 2233 6
265 2203 419 2244 πρότερον
437 2204 473 2234 Sl
622 2204 642 2232 8
665 2207 744 2233 ante
763 2204 994 2243 ἐπιτροπευθεὶς
1011 2203 1089 2234 add.
1107 2204 1207 2235 οὕτως
1223 2202 1274 2234 A:
1298 2202 1389 2236 οὗτος
1411 2204 1458 2234 F:
1481 2213 1545 2235 om.

223 2246 267 2277 S:
295 2248 387 2279 αὐτὸς
404 2247 490 2277 coni.
514 2245 628 2276 Naber
645 2251 830 2285 praeeunte
849 2246 977 2276 Wolfio
1102 2257 1123 2285 9
1147 2247 1185 2278 ἂν
1201 2247 1378 2283 ἀπολαβεῖν
1395 2246 1419 2277 S
1438 2258 1445 2277 :
1469 2248 1546 2279 ἀπο-

222 2292 338 2327 λαβεῖν
354 2291 392 2322 ἂν
408 2291 496 2328 vulg.
680 2299 717 2318 12
743 2291 889 2321 ἐλλείποι
913 2290 1002 2328 vulg.
1031 2289 1138 2321 Bekk.
1163 2289 1292 2321 Anecd.
1319 2299 1350 2329 p.
1382 2300 1454 2328 144.
1485 2300 1544 2329 19:

224 2334 367 2364 ἐλλείπει
393 2344 426 2363 Γῑ
457 2333 584 2365 ἐλλίποι
603 2332 627 2362 S
777 2333 815 2361 16
839 2334 876 2364 ἂν
894 2333 937 2364 S:
963 2334 1016 2365 ἐὰν
1032 2333 1122 2372 vulg.
1274 2333 1312 2362 18
1335 2347 1388 2372 μοι
1405 2343 1471 2365 om.
1492 2332 1542 2373 Sl,

222 2386 302 2406 sscr.
323 2377 398 2407 add.
418 2387 459 2406 m.
477 2381 544 2407 ant.
678 2385 719 2404 22
736 2378 851 2407 τοῦτον
870 2376 908 2406 Sl
920 2376 950 2405 A
1054 2387 1096 2416 23
1112 2375 1216 2415 τοῦτ’]
1236 2375 1326 2408 ταῦτ’
1343 2376 1375 2406 Α
1504 2386 1545 2415 24

222 2433 302 2460 του-γ
319 2419 357 2449 S¹
491 2421 532 2449 28
557 2420 606 2450 καὶ
623 2428 690 2450 om.
710 2418 749 2449 5ι
841 2422 894 2451 νῦν
911 2420 940 2449 Α
953 2420 978 2449 F
