1685 2772
84 132 211 187 [969]

179 666 219 690 12

96 992 217 1047 [970]

181 1276 220 1310 13

188 2064 229 2098 14

672 138 1157 177 ΔΗΜΟΣΘΕΝΟὙΣ
1418 133 1583 189 [xxxvu

249 252 341 292 ἰδὼν
365 250 433 292 τὸν
460 249 700 301 Μνησικλέα
723 249 793 290 τὸν
818 251 998 301 πρατῆρα
1017 249 1167 289 τούτων
1185 249 1277 300 ἡμῖν
1302 248 1582 302 γεγενημένον,

248 319 484 370 προσελθὼν
509 317 743 369 ἐμεμφόμην
769 316 884 371 αὐτῷ,
910 315 1041 369 λέγων
1067 316 1151 356 οῖον
1180 315 1389 368 ἄνθρωπον
1418 315 1581 369 προύξέ-

249 384 348 436 νησέ
388 401 467 436 μοι,
513 383 577 425 καὶ
617 383 708 426 τοὺς
750 385 1107 436 ἀμφισβητοῦντας
1147 384 1209 424 καὶ
1248 384 1290 424 τί
1323 383 1430 423 ταῦτ’
1471 385 1585 425 ἐστὶν

249 452 420 504 ἠρώτων.
506 451 679 493 ἀκούσας
721 449 755 492 δ’
797 452 946 492 ἐκεῖνος
986 454 1066 491 τῶν
1103 452 1176 502 μὲν
1218 451 1586 503 ἀμφισβητούντων

252 518 456 571 κατεγέλα,
486 521 695 558 συνελθεῖν
724 517 757 557 δ’
787 517 865 570 ἔφη
897 517 1057 559 τούτους
1087 517 1315 568 βούλεσθαι
1344 517 1440 570 πρὸς
1468 517 1583 568 ἡμᾶς,
1605 537 1622 568 5

253 586 313 626 καὶ
353 584 538 636 συνάξειν
576 584 690 625 αὐτὸς
733 585 846 635 ἡμᾶς,
888 584 951 625 καὶ
992 584 1249 636 παραινέσειν
1289 584 1415 639 τούτῳ
1457 584 1586 625 πάντα

252 656 378 692 ποιεῖν
403 653 452 691 τὰ
476 651 591 691 δίκαι’
618 652 717 702 ἐμοί,
738 651 801 691 καὶ
826 652 983 692 οἴεσθαι
1006 652 1175 692 πείσειν.
1247 651 1300 693 ὡς
1324 653 1365 691 δὲ
1391 650 1586 702 συνήλθο-

251 736 335 770 μεν,
362 720 411 759 τὰ
438 720 511 769 μὲν
544 719 679 758 πολλὰ
711 718 752 758 τί
781 720 842 758 δεῖ
868 717 1022 770 λέγειν;
1060 718 1158 768 ἧκον
1188 716 1222 757 δ’
1255 719 1292 758 οἱ
1321 718 1587 759 δεδανεικέναι

252 785 478 838 φάσκοντες
501 785 626 840 τούτῳ
660 785 724 825 ἐπὶ
756 789 808 840 τῷ
841 786 1086 839 ἐργαστηρίῳ
1122 784 1185 825 καὶ
1213 789 1296 827 τοῖς
1328 785 1587 838 ἀνδραπόδοις

252 854 276 894 ἃ
299 853 409 904 ἡμεῖς
435 851 654 904 ἐπριάμεθα
679 854 783 904 παρὰ
809 851 1102 902 Μνησικλέους,
1128 852 1195 893 καὶ
1217 852 1331 893 οὐδὲν
1356 851 1405 903 ἦν
1433 854 1588 894 ἁπλοῦν
1609 869 1649 892 ιο

251 920 330 961 οὐδ’
356 921 465 973 ὑγιὲς
488 920 650 960 τούτων.
702 919 831 960 πάντα
856 918 889 959 δ’
911 917 1217 973 ἐξελεγχόμενοι
1235 922 1364 972 ψευδῆ
1384 919 1585 972 λέγοντες,

252 988 313 1028 καὶ
338 990 406 1027 τοῦ
436 986 716 1038 Μνησικλέους
744 990 1011 1038 βεβαιοῦντος
1038 986 1145 1038 ἡμῖν,
1173 990 1465 1039 προκαλοῦνται
1493 988 1588 1041 πρό-

251 1061 395 1106 κλησιν
434 1054 536 1106 ἡμᾶς
577 1054 629 1096 ὡς
666 1054 712 1094 οὐ
749 1053 992 1105 δεξομένους,
1033 1050 1058 1105 ἢ
1097 1054 1344 1106 κομίσασθαι
1374 1053 1505 1096 πάντα
1539 1057 1589 1096 τὰ

251 1121 435 1177 χρήματα
458 1121 547 1174 παρ’
575 1122 700 1162 αὑτῶν
727 1122 789 1161 καὶ
816 1123 1019 1169 ἀπελθεῖν,
1041 1118 1065 1172 ἢ
1085 1124 1273 1163 διαλῦσαι
1291 1125 1402 1175 σφᾶς
1418 1123 1515 1176 ὑπὲρ
1534 1124 1589 1164 ὧν

253 1189 478 1236 ἐνεκάλουν,
498 1190 722 1241 αἰτιώμενοι
749 1192 888 1244 πολλῷ
914 1190 1100 1231 πλείονος
1123 1188 1198 1240 ἄξι’
1225 1189 1333 1244 ἔχειν
1362 1191 1417 1230 ὧν
1447 1190 1585 1231 ἐδεδώ-
1612 1205 1648 1238 15

254 1274 370 1309 κεμεν
402 1256 628 1311 χρημάτων.
699 1257 873 1298 ἀκούσας
902 1256 935 1296 δ’
966 1257 1056 1309 ἐγώ,
1085 1259 1337 1310 παραχρῆμα,
1370 1256 1458 1298 οὐδὲ
1490 1261 1587 1308 βου-

253 1324 513 1376 λευσάμενος,
563 1324 810 1375 κομίσασθαι
856 1324 1134 1377 συνεχώρησα,
1185 1324 1247 1364 καὶ
1294 1323 1365 1364 τὸν
1413 1325 1590 1378 Εὔεργον

255 1393 409 1433 ἔπεισα.
481 1391 615 1442 ἐπειδὴ
655 1391 687 1432 δ’
726 1391 805 1432 ἔδει
842 1393 891 1432 τὰ
927 1390 1099 1445 χρήμαθ’
1142 1391 1241 1442 ἡμᾶς
1284 1391 1589 1443 ἀπολαμβάνειν

254 1459 317 1500 καὶ
349 1458 393 1499 τὸ
424 1458 569 1512 πρᾶγμ’
602 1460 657 1501 εἷς
687 1462 802 1499 τοῦτο
836 1461 1019 1509 προῆκτο,
1047 1458 1115 1498 οὐκ
1149 1458 1310 1510 ἔφασαν
1340 1459 1439 1509 μετὰ
1469 1462 1591 1499 ταῦτα

254 1527 398 1567 δώσειν
442 1527 480 1568 οἱ
525 1525 606 1566 τότ’
652 1525 769 1567 ἐκεῖν’
817 1524 1163 1578 ἐπαγγειλάμενοι,
1214 1525 1249 1565 εἶ
1293 1525 1347 1576 μὴ
1397 1528 1590 1578 πρατῆρες
1613 1544 1653 1564 20

255 1593 470 1647 γιγνοίμεθ’
512 1593 625 1644 ἡμεῖς
664 1597 742 1634 τῶν
784 1592 992 1643 κτημάτων
1031 1592 1175 1638 αὐτοῖς,
1214 1595 1307 1633 νοῦν
1349 1593 1521 1646 ἔχοντες,
1560 1591 1589 1633 ὦ

255 1661 393 1712 ἄνδρες
426 1659 642 1711 Ἀθηναῖοι,
690 1659 772 1700 κατ’
815 1660 910 1700 αὐτό
950 1677 997 1711 γε
1036 1663 1166 1699 τοῦτο·
1204 1659 1337 1711 ἑώρων
1378 1661 1455 1712 γὰρ
1489 1659 1590 1711 ἡμᾶς

256 1727 304 1768 οῖ’
331 1726 692 1779 ἐσυκοφαντούμεθ’
721 1727 797 1767 ὑπὸ
829 1726 978 1767 τούτου.
1051 1726 1102 1768 ὡς
1135 1726 1204 1767 οὖν
1233 1727 1297 1768 καὶ
1326 1725 1431 1767 ταῦτ’
1462 1728 1590 1778 ἀληθῆ

255 1793 376 1847 λέγω,
402 1794 508 1845 λαβέ
532 1810 601 1845 μοι
625 1794 686 1834 καὶ
705 1794 849 1836 ταύτας
871 1795 942 1836 τὰς
963 1795 1190 1846 μαρτυρίας.

812 1960 1037 1988 ΜΑΡΤΎΡῙΑῙ.
1615 1967 1652 1998 ²5

327 2046 491 2097 Ἐπειδὴ
527 2047 659 2087 τοίνυν
695 2046 739 2086 τὸ
775 2045 922 2097 πρᾶγμ’
960 2044 1111 2085 ἐνταῦθ’
1146 2043 1333 2094 εἱστήκει,
1362 2044 1425 2084 καὶ
1449 2045 1498 2084 τὰ
1521 2045 1594 2095 μὲν

260 2112 426 2167 χρήματ’
453 2113 497 2153 οὐ
528 2112 698 2165 προΐενθ’
731 2113 796 2154 οὓς
829 2111 1030 2164 ἐπήγαγεν
1065 2112 1190 2158 οὗτος,
1216 2112 1328 2162 ἡμεῖς
1364 2111 1396 2151 δ’
1434 2110 1594 2152 εἰκότως

303 2225 323 2253 6
348 2224 442 2255 αὐτὸς
459 2232 524 2254 om.
545 2223 612 2262 FQ
734 2224 795 2261 7—8
822 2226 980 2260 συνηλθον
996 2235 1055 2261 μεν
1073 2221 1109 2252 Sl
1236 2231 1275 2252 10
1298 2221 1387 2260 ἡμεῖς
1403 2220 1591 2262 ἐπριάμεθα]

263 2270 422 2305 εωνημεθα
441 2266 464 2297 S
484 2268 558 2307 (εων
575 2267 615 2296 ab
633 2266 698 2297 alia
715 2277 756 2297 m.
775 2266 1021 2305 superscripto)
1207 2274 1246 2303 15
1272 2266 1478 2304 ἐδεδώκειμεν
1495 2265 1590 2296 codd.

266 2311 368 2348 17-18
392 2312 441 2342 καὶ
460 2335 466 2341 .
490 2336 495 2341 .
514 2335 520 2341 .
543 2310 654 2342 ἔπεισα
671 2321 736 2341 om.
753 2309 784 2340 A
897 2311 934 2339 18
960 2309 1082 2350 ἐπειδὴ]
1104 2310 1169 2340 ἐπεὶ
1190 2308 1214 2339 S
1331 2319 1372 2338 20
1397 2308 1591 2349 ἐπαγγειλά-

260 2367 348 2393 μενοι
369 2354 411 2384 S:
439 2353 720 2394 ἐπαγγελλόμενοι
738 2354 828 2392 vulg.
963 2364 1001 2383 21
1027 2352 1186 2393 ’γενοίμεθ’
1204 2351 1235 2381 Α
1395 2362 1436 2391 23
1459 2350 1592 2391 τούτου]

262 2397 385 2429 τούτων
404 2397 426 2427 S
439 2397 468 2435 Q
484 2397 532 2426 D:
560 2398 618 2429 ὑπὸ
636 2397 750 2429 τούτου
770 2397 847 2427 secl.
867 2396 964 2427 Blass
1099 2405 1138 2434 25
1165 2401 1366 2427 ΜΑΡΤΤΡΙΑ
1385 2395 1408 2425 S
