1685 2772
47 144 164 200 [859]

120 400 161 436 51

44 857 164 948 βᾶἧ

121 1278 165 1313 53

124 1834 167 1871 54

614 143 1102 183 ΔΗΜΟΣΘΕΝΟΎΣ
1405 139 1523 192 &mx

192 257 262 295 τὸν
287 255 450 295 Μιλύαν
474 254 534 294 ὅτι
559 257 627 295 νῦν
651 256 724 305 μὲν
749 254 838 307 περὶ
862 253 1022 294 πάντων
1051 254 1179 305 φησὶν
1203 251 1386 304 ἐξαιτεῖν,
1413 252 1457 293 τὸ
1483 255 1525 294 δὲ

193 325 346 374 πρῶτον
388 323 484 373 ὑπὲρ
522 321 731 373 τριάκοντα
772 321 895 372 μόνον
935 324 1043 372 μνῶν
1080 318 1221 376 ἐξῄτει,
1263 320 1325 360 καὶ
1361 319 1526 372 προσέτι

197 389 397 439 ζημιοῦται
429 390 527 428 κατὰ
557 388 627 438 τὴν
660 389 874 440 μαρτυρίαν
911 387 1037 428 οὐδέν.
1111 388 1188 439 ἐγὼ
1227 389 1303 439 γὰρ
1342 393 1525 444 πανταχῇ

196 459 334 495 τοῦτον
360 454 519 507 ἐλέγξαι
542 456 803 506 βουλόμενος,
832 455 894 495 καὶ
926 455 994 496 τὰς
1026 453 1170 507 τέχνας
1206 454 1322 494 αὐτοῦ
1359 455 1420 494 καὶ
1455 456 1525 496 τὰς

197 523 437 574 πανουργίας
467 523 657 574 ἐμφανεῖς
686 523 777 573 ὑμῖν
811 523 1061 571 καταστῆσαι
1094 521 1346 573 πειρώμενος,
1374 521 1524 573 ἠρόμην
1542 537 1563 572 5

195 588 313 629 αὐτὸν
338 588 431 628 πόσ’
457 590 515 639 εἵη
546 591 594 628 τὰ
623 587 806 642 χρήματα
833 588 878 628 τὸ
910 590 1073 639 πλῆθος,
1103 587 1188 627 καθ’
1213 588 1237 628 ἃ
1269 588 1337 628 τὸν
1363 588 1524 628 Μιλύαν

195 656 246 697 ὡς
272 655 464 696 συνειδότ’
493 653 696 712 ἐξῄτησεν·
737 656 849 697 οὗτος
878 657 920 695 δὲ
953 654 1209 707 ψευσάμενος
1240 655 1330 706 περὶ
1366 654 1524 695 πάντων

195 723 361 775 ἔφησεν.
435 723 553 774 ’περὶ
594 724 667 773 μὲν
714 722 874 763 τοίνυν’
913 721 1015 774 ἔφην
1058 722 1136 774 ἐγώ
1187 721 1350 762 ’τούτου
1397 738 1522 774 παρα-

196 789 310 830 δώσω
342 807 407 829 σοι
436 789 504 829 τὸν
541 789 686 842 ἔχοντα
718 790 968 841 τάντίγραφα
1000 790 1054 829 ὧν
1083 788 1134 828 σύ
1169 805 1219 839 με
1246 787 1521 839 προύκαλέσω.

196 857 495 908 προομόσαντος
519 855 562 896 δέ
586 873 661 907 μου
685 856 754 896 τὸν
785 855 993 908 ἄνθρωπον
1027 855 1077 898 ὡς
1114 855 1376 907 ὡμολόγησας
1412 856 1519 895 ἐλεύ-

196 927 311 976 θερον
341 923 439 964 εἶναι
473 924 535 963 καὶ
570 925 668 963 κατὰ
694 922 886 974 Δήμωνος
921 923 1204 975 ἐμαρτύρησας,
1231 921 1279 963 ἂν
1315 923 1524 979 ἀπομόσῃς

194 991 384 1031 τάναντία
408 990 558 1030 τούτων
583 992 681 1030 κατὰ
705 992 775 1040 τῆς
800 991 1003 1043 θυγατρός,
1033 990 1181 1043 ἀφίημί
1201 1006 1269 1030 σοι
1291 989 1407 1030 πάνθ’
1426 991 1524 1042 ὑπὲρ

194 1059 249 1098 ὧν
292 1057 340 1098 ἂν
383 1056 593 1107 ἐξαιτήσας
636 1058 765 1114 φανῇς
806 1057 851 1097 τὸ
893 1061 1048 1110 πρῶτον
1088 1057 1410 1108 βασανιζομένου
1457 1060 1525 1097 τοῦ

195 1125 345 1171 παιδός,
374 1125 436 1165 καὶ
478 1125 655 1179 τοσούτῳ
695 1141 764 1165 σοι
798 1124 977 1177 γενέσθω
1014 1123 1058 1164 τὸ
1094 1124 1227 1175 τίμημ’
1263 1124 1431 1164 ἔλαττον
1469 1125 1525 1165 ὧν

196 1191 342 1245 ὦφλες,
374 1191 459 1232 καθ’
492 1192 517 1232 ἃ
549 1192 618 1232 τὸν
651 1192 811 1232 Μιλύαν
846 1190 1053 1248 ἐξῄτησας,
1081 1193 1144 1232 ἵνα
1178 1193 1299 1242 μηδὲν
1332 1192 1524 1248 ζημιωθῇς

195 1261 299 1311 παρὰ
332 1258 422 1301 τοὺς
449 1258 671 1311 μάρτυρας.’
741 1258 847 1299 ταῦτ’
868 1260 963 1310 ἐμοῦ
987 1257 1337 1311 προκαλεσαμένου
1362 1262 1526 1299 πολλῶν

195 1327 413 1378 παρόντων,
441 1326 508 1366 οὐκ
534 1325 582 1366 ἂν
607 1327 684 1378 ἔφη
710 1328 891 1376 ποιῆσαι.
976 1326 1100 1366 καίτοι
1129 1327 1240 1367 ὅστις
1272 1325 1389 1367 αὐτὸς
1421 1326 1524 1380 αὑτῷ

195 1392 299 1432 ταῦτ’
327 1394 474 1445 ἔφυγεν
500 1392 672 1439 δικάσαι,
694 1397 776 1435 πῶς
800 1394 899 1444 ὑμᾶς
918 1392 993 1446 χρὴ
1014 1393 1104 1434 τοὺς
1123 1393 1376 1444 ὀμωμοκότας
1400 1392 1524 1446 τούτῳ

195 1460 451 1511 πειθομένους
491 1463 737 1512 καταγνῶναι
782 1464 860 1501 τῶν
906 1459 1124 1512 μαρτύρων,
1166 1458 1257 1500 ἀλλ’
1298 1460 1342 1499 οὐ
1389 1462 1526 1499 τοῦτον

197 1527 562 1580 ἀναισχυντότατον
598 1526 757 1568 πάντων
789 1527 1006 1579 ἀνθρώπων
1040 1526 1140 1567 εἶναι
1172 1527 1361 1577 νομίζειν;
1420 1527 1526 1567 ἀλλὰ

194 1593 272 1645 μὴν
297 1594 347 1636 ὡς
374 1595 501 1644 ἀληθῆ
527 1592 647 1646 λέγω,
676 1594 787 1634 κάλει
812 1594 962 1634 τούτων
986 1593 1076 1635 τοὺς
1101 1592 1309 1646 μάρτυρας.

754 1736 974 1764 ΜΑΡΤΥΡΕΣ.

265 1817 325 1857 Οὐ
348 1816 479 1857 τοίνυν
506 1817 582 1868 ἐγὼ
608 1818 680 1866 μὲν
709 1816 817 1855 ταῦθ’
843 1816 999 1866 ἕτοιμος
1027 1814 1088 1865 ἦν,
1116 1817 1152 1856 οἰ
1185 1817 1226 1855 δὲ
1262 1814 1452 1867 μάρτυρες
1481 1814 1526 1855 02'·

197 1884 270 1934 τὴν
294 1884 413 1933 αὐτὴν
439 1883 598 1935 γνώμην
625 1884 710 1933 ἐμοὶ
735 1882 857 1935 εἶχον,
886 1881 978 1922 ἀλλ’
1004 1884 1146 1922 ἐκεῖνοι
1175 1881 1528 1933 παραστησάμενοι

197 1950 288 1992 τοὺς
312 1954 466 1995 παῖδας,
493 1951 590 2001 ὑπὲρ
614 1950 668 1989 ὧν
695 1950 981 2002 ἐμαρτύρησαν,
1004 1950 1140 1989 πίστιν
1166 1950 1357 1989 ἐπιθεῖναι
1381 1948 1524 1999 ἠθέλη-

200 2035 277 2058 σαν
303 2017 384 2058 κατ’
409 2018 582 2057 ἐκείνων.
656 2017 676 2055 ὁ
709 2016 741 2056 δ’
768 2016 847 2056 οὔτ’
873 2016 1039 2058 ἐκείνοις
1068 2015 1149 2056 οὔτ’
1178 2015 1263 2066 ἐμοὶ
1296 2018 1428 2055 δοῦναι
1456 2014 1527 2056 τὸν

247 2138 260 2158 Ι
286 2127 345 2167 μὲν
361 2127 392 2157 Α
408 2139 415 2158 :
440 2138 504 2158 om.
524 2127 615 2166 vulg.
704 2136 724 2156 2
741 2125 848 2166 μόνων
866 2125 890 2155 S
980 2136 999 2163 4
1018 2125 1147 2166 ἐλέγξαι
1167 2124 1202 2155 5¹
1218 2135 1225 2154 ε
1251 2123 1415 2166 ἐξελέγξαι
1432 2123 1522 2164 vulg.

202 2182 219 2210 7
245 2170 429 2211 συνειδότα]
450 2170 558 2202 εἰδότα
572 2170 603 2199 Α
694 2170 714 2199 8
738 2170 808 2209 περὶ
824 2168 885 2208 μὲν
900 2168 1024 2200 τούτων
1037 2169 1060 2199 S
1073 2182 1124 2209 γρ,
1143 2168 1230 2209 Γγρ.
1251 2168 1342 2209 Βγρ.
1439 2178 1460 2207 9
1484 2167 1526 2200 ὧν

202 2214 358 2245 Dobree:
378 2216 418 2245 ὡς
426 2214 521 2244 codd.
617 2223 657 2243 10
681 2212 713 2244 δὲ
727 2214 802 2251 ἐμοῦ
813 2212 844 2241 Α
937 2222 974 2250 14
992 2214 1131 2243 τοσοῦτο
1143 2212 1172 2242 D
1186 2223 1192 2243 Ξ
1211 2214 1350 2243 τοσοῦτο
1361 2211 1412 2248 (ον
1423 2211 1523 2252 sscr.)

201 2257 227 2288 F
350 2266 387 2295 15
412 2257 477 2287 καθ’
497 2257 516 2288 ἃ
531 2256 641 2295 vulg.:
667 2255 733 2287 καθ’
751 2257 767 2287 δ
787 2255 812 2285 F
915 2267 955 2293 24
979 2257 1110 2296 γνώμην
1128 2257 1194 2294 ἐμοὶ
1215 2254 1298 2285 SA:
1324 2268 1376 2294 μοι
1392 2256 1526 2295 ’γνώμην

202 2300 228 2330 F
241 2301 270 2330 D
371 2299 445 2332 ἀλλ’
480 2302 593 2331 ἐκεῖνοι
620 2300 656 2339 S,
685 2299 726 2330 cf.
754 2298 910 2329 Gebauer
934 2298 1015 2337 Arg.
1044 2309 1087 2328 ex
1113 2304 1219 2329 contr.
1260 2308 1293 2337 p.
1323 2307 1379 2335 131
1397 2309 1404 2328 ε
1438 2298 1526 2330 ἀλλὰ

200 2345 339 2376 κάκεῖνοι
355 2343 445 2382 vulg.
606 2344 647 2372 26
672 2345 686 2374 ὃ
705 2345 730 2374 δ’
746 2341 778 2371 Α
793 2353 799 2372 2
824 2343 902 2373 add.
923 2344 990 2374 οὔτ’
1007 2343 1102 2374 αὐτὸς
1120 2340 1168 2381 5¹,
1189 2341 1256 2373 οὔτ’
1273 2343 1379 2373 αὐτοῖς
1397 2340 1421 2371 S
1439 2351 1522 2372 corr.

201 2387 227 2417 F
241 2388 282 2426 D,
300 2387 342 2419 cs.
362 2386 457 2417 Stahl
475 2386 532 2417 Gr.
550 2387 651 2418 Verb.
671 2387 735 2425 649

1546 871 1584 893 10

1545 1211 1585 1246 15

1546 1542 1588 1565 20

1547 1964 1588 2000 25
