1685 2772
85 475 102 506 5

65 816 103 838 10

65 1149 101 1180 15

64 1481 103 1503 20

126 80 256 136 xxxv]
523 85 684 124 ΠΡΟΣ
733 85 1054 124 AAKPITON

123 199 192 235 τοῦ
216 195 431 236 ἀποδοῦναι
460 195 699 247 σοφίσματα
729 195 981 247 εὑρίσκουσιν
1007 195 1069 234 καὶ
1100 194 1363 246 παραγραφὰς
1392 193 1455 234 καὶ

123 262 359 315 προφάσεις,
382 263 444 303 καὶ
471 263 573 303 εἰσὶν
594 263 858 315 πονηρότατοι
883 262 1101 313 ἀνθρώπων
1122 261 1184 301 καὶ
1210 261 1456 301 ἀδικώτατοι.

123 328 330 381 τεκμήριον
372 331 413 370 δὲ
455 329 606 369 τούτου·
657 333 821 370 πολλῶν
863 330 938 381 γὰρ
979 327 1279 380 ἀφικνουμένων
1322 329 1377 369 εἷς
1411 327 1457 367 τὸ

122 396 309 448 ὑμέτερον
348 397 535 448 ἐμπόριον
576 398 639 438 καὶ
673 391 883 446 ιΕλλήνων
923 396 986 435 καὶ
1022 393 1255 447 βαρβάρων,
1295 395 1456 436 πλείους

123 465 226 503 δίκαι
259 464 362 504 εἰσὶν
395 463 585 504 ἑκάστοτε
615 463 743 504 αὐτῶν
772 467 850 503 τῶν
884 465 1126 512 Φασηλιτῶν
1156 458 1180 511 ἢ
1210 465 1288 501 τῶν
1319 460 1456 501 ἄλλων

123 529 321 570 ἁπάντων.
391 531 500 571 οὗτοι
528 533 601 582 μὲν
627 531 695 571 οὖν
719 531 894 570 τοιοῦτοί
920 531 1034 569 εἰσιν·
1074 528 1150 580 ἐγὼ
1182 527 1235 574 δέ,
1263 525 1293 567 ὦ
1319 527 1457 579 ἄνδρες

124 598 318 643 δικασταί,
352 596 535 650 χρήματα
567 598 754 639 δανείσας
787 595 1006 649 Ἀρτέμωνι
1038 599 1091 650 τῷ
1125 595 1262 634 τούτου
1295 595 1456 648 ἀδελφῷ

124 666 220 704 κατὰ
256 663 346 706 τοὺς
380 664 616 716 ἐμπορικοὺς
650 664 804 716 νόμους,
843 665 898 705 εἷς
935 662 1003 704 τὸν
1041 663 1200 702 Πόντον
1237 661 1300 701 καὶ
1335 660 1457 702 πάλιν

123 729 328 781 Ἀθήναζε,
368 730 681 781 τελευτήσαντος
721 731 872 772 ἐκείνου
915 730 1007 782 πρὶν
1047 730 1265 769 ἀποδοῦναί
1301 745 1369 779 μοι
1409 729 1457 768 τὰ

121 797 318 850 χρήματα,
352 799 533 852 Λακρίτῳ
569 797 710 852 τουτῳὶ
746 799 890 851 εἴληχα
925 797 996 847 τὴν
1033 797 1144 846 δίκην
1179 795 1324 846 ταύτην
1361 795 1457 834 κατὰ

121 864 211 906 τοὺς
247 864 386 905 αὐτοὺς
421 865 565 915 νόμους
606 865 766 906 τούτους
809 864 892 904 καθ’
930 864 1080 915 οὕσπερ
1121 862 1166 903 τὸ
1205 862 1457 913 συμβόλαιον

123 931 384 982 ἐποιησάμην,
412 932 575 986 ἀδελφῷ
606 933 691 972 ὄντι
719 932 841 986 τούτῳ
872 932 1022 971 ἐκείνου
1049 931 1113 970 καὶ
1142 930 1276 983 ἔχοντι
1301 928 1458 969 ἅπαντα

122 999 170 1038 τὰ
194 997 455 1049 Ἀρτέμωνος,
483 999 546 1038 καὶ
571 1000 649 1038 ὅσα
675 998 815 1039 ἐνθάδε
845 998 1058 1038 κατέλιπεν
1084 998 1145 1037 καὶ
1175 998 1253 1036 ὅσα
1282 995 1328 1046 ἧν
1354 995 1455 1050 αὐτῷ

123 1066 166 1104 ἐν
191 1070 239 1121 τῇ
265 1064 481 1115 Φασήλιδι,
510 1066 572 1106 καὶ
599 1066 828 1119 κληρονόμῳ
864 1067 948 1105 ὄντι
977 1068 1055 1104 τῶν
1081 1064 1232 1103 ἐκείνου
1257 1062 1453 1109 ἁπάντων,

124 1131 188 1171 καὶ
213 1132 281 1171 οὐκ
307 1131 354 1172 ἂν
380 1132 543 1185 ἔχοντος
567 1133 706 1172 τούτου
731 1131 854 1182 δεῖξαι
878 1133 1001 1182 νόμον
1026 1132 1136 1172 ὅστις
1162 1129 1263 1185 αὐτῷ
1295 1130 1457 1170 δίδωσιν

122 1197 308 1248 ἐξουσίαν
345 1199 453 1252 ἔχειν
487 1201 560 1250 μὲν
594 1201 642 1239 τὰ
677 1202 746 1239 τοῦ
783 1200 960 1250 ἀδελφοῦ
995 1198 1059 1238 καὶ
1091 1196 1320 1252 διῳκηκέναι
1353 1197 1458 1238 ὅπως

122 1266 248 1305 ἐδόκει
282 1266 398 1320 αὐτῷ,
425 1265 478 1316 μὴ
512 1266 728 1306 ἀποδοῦναι
760 1268 802 1307 δὲ
831 1268 880 1305 τὰ
909 1266 1102 1316 ἀλλότρια
1129 1263 1323 1317 χρήματα,
1351 1264 1458 1303 ἀλλὰ

121 1331 256 1383 λέγειν
281 1335 349 1373 νῦν
378 1333 438 1372 ὅτι
470 1332 539 1372 οὐκ
574 1333 686 1373 ἔστιν
717 1333 975 1385 κληρονόμος,
1012 1331 1103 1372 ἀλλ’
1131 1331 1347 1383 ἀφίσταται
1380 1334 1458 1370 τῶν

1488 74 1609 129 [924]

123 1399 285 1438 ἐκείνου.
345 1399 367 1449 ἡ
403 1401 476 1449 μὲν
511 1400 665 1440 τουτουὶ
702 1400 896 1451 Λακρίτου
934 1399 1100 1450 πονηρία
1135 1398 1291 1447 τοιαύτη
1330 1398 1455 1438 ἐστίν·
1490 1406 1506 1442 5

122 1466 200 1517 ἐγὼ
237 1465 269 1505 δ’
302 1467 408 1516 ὑμῶν
441 1465 591 1517 δέομαι,
619 1465 648 1506 ὦ
683 1466 821 1519 ἄνδρες
852 1467 1046 1512 δικασταί,
1079 1465 1261 1506 εὐνοϊκῶς
1290 1465 1462 1504 ἀκοῦσαί

121 1548 196 1582 μου
220 1532 310 1584 περὶ
332 1535 402 1572 τοῦ
430 1532 661 1585 πράγματος
690 1534 855 1573 τουτουί·
895 1533 966 1574 κᾶν
997 1529 1192 1584 ἐξελέγξω
1223 1530 1342 1572 αὐτὸν
1372 1531 1454 1571 ἀδι-

123 1602 266 1639 κοῦντα
303 1599 404 1650 ἡμᾶς
442 1616 486 1640 τε
523 1600 613 1641 τοὺς
647 1602 908 1642 δανείσαντας
947 1601 1008 1640 καὶ
1045 1600 1144 1650 ὑμᾶς
1176 1597 1288 1638 οὐδὲν
1322 1597 1455 1648 ἦττον,

121 1669 307 1716 βοηθεῖτε
331 1667 425 1717 ἡμῖν
448 1668 496 1706 τὰ
522 1668 663 1707 δίκαια.

189 1731 295 1785 Ἐγὼ
320 1732 407 1785 γάρ,
435 1731 464 1773 ὦ
494 1733 632 1786 ἄνδρες
661 1735 858 1780 δικασταί,
886 1733 1001 1776 αὐτὸς
1027 1736 1100 1785 μὲν
1126 1732 1205 1772 οὐδ’
1232 1733 1455 1772 ὁπωστιοῦν
1487 1736 1509 1770 6

63 1815 101 1846 ²5
123 1800 333 1852 ἐγνώριζον
358 1800 448 1841 τοὺς
477 1801 708 1852 ἀνθρώπους
736 1801 909 1843 τούτους·
949 1798 1216 1853 Θρασυμήδης
1246 1798 1279 1838 δ’
1306 1800 1326 1838 ὁ
1357 1803 1451 1838 Διο-
1483 1794 1602 1850 [925]

123 1865 276 1918 φάντου
299 1867 393 1912 υἱός,
423 1868 572 1908 ἐκείνου
597 1872 666 1908 τοῦ
690 1870 903 1920 ρφηττίου,
927 1868 990 1908 καὶ
1016 1866 1266 1908 Μελάνωπος
1291 1866 1312 1904 ὁ
1336 1866 1452 1905 ἀδελ-

123 1932 199 1985 φὸς
229 1933 348 1973 αὐτοῦ
382 1933 597 1984 ἐπιτήδειοί
622 1936 692 1985 μοί
722 1937 837 1981 εἰσιν,
866 1936 928 1975 καὶ
960 1935 1147 1988 χρώμεθα
1176 1931 1370 1982 ἀλλήλοις
1404 1932 1454 1974 ὡς

122 1999 205 2039 οἶόν
243 2016 285 2040 τε
327 2000 516 2050 μάλιστα.
589 2001 697 2042 οὗτοι
737 2003 971 2054 προσῆλθόν
1012 2019 1080 2053 μοι
1120 2002 1220 2052 μετὰ
1262 2000 1455 2051 Λακρίτου

121 2067 288 2111 τουτουί,
317 2067 462 2107 ὁπόθεν
486 2066 633 2117 δήποτε
666 2068 951 2120 ἐγνωρισμένοι
983 2070 1105 2122 τούτῳ
1139 2067 1199 2117 (οὗ
1231 2067 1306 2119 γὰρ
1340 2062 1451 2114 οἶδα),

167 2177 188 2205 6
211 2174 261 2213 δεἽ
280 2179 340 2214 μέν
359 2175 395 2207 δέ
411 2175 436 2206 S
525 2187 546 2215 9
573 2177 693 2208 ἐκείνου
714 2177 800 2208 SA:
826 2179 853 2210 δ’
869 2178 990 2209 ἐκείνου
1011 2176 1078 2214 FQ
1091 2176 1120 2205 D
1212 2176 1283 2213 πρὶν
1299 2174 1318 2211 ἢ
1337 2172 1455 2203 COdd-=

122 2219 142 2256 ἢ
161 2218 224 2248 del.
244 2218 394 2249 Dindorf
461 2229 500 2249 10
523 2233 628 2251 του-πω
642 2220 695 2260 (S)
712 2221 767 2251 vel
780 2222 884 2261 τούτῳ
895 2221 992 2251 codd.
1011 2231 1017 2250 :
1039 2230 1121 2251 corr.
1137 2219 1236 2248 Blass
1300 2226 1337 2254 13
1363 2215 1454 2247 κατέ-

123 2266 235 2293 λειπεν
253 2262 277 2292 S
423 2272 461 2301 15
489 2264 538 2294 καὶ
558 2273 623 2294 om.
642 2263 676 2293 A
813 2274 850 2303 17
877 2263 1058 2296 ἀποδιδόναι
1075 2263 1107 2292 Α
1246 2270 1285 2298 19
1309 2257 1453 2298 Touroul]

123 2304 240 2336 τούτου
257 2307 306 2337 καὶ
326 2305 350 2336 S
441 2316 479 2336 21
508 2306 629 2347 ἐλέγξω
646 2306 678 2336 Α
789 2318 830 2337 22
853 2321 891 2339 τε
908 2318 972 2337 om.
995 2307 1021 2336 Α
1135 2316 1175 2343 24
1201 2305 1296 2336 αὐτὸς
1312 2301 1372 2341 μὲν
1388 2312 1453 2333 om.

125 2347 151 2377 F
162 2348 192 2386 Q
208 2348 237 2377 D
328 2359 367 2388 27
387 2350 582 2391 ‘'XPdWGO’A
658 2361 701 2389 29
717 2350 854 2391 δήποτε]
867 2351 1004 2389 δήποθεν
1016 2349 1040 2380 F
1051 2349 1081 2388 Q
1097 2349 1127 2379 D
1197 2346 1390 2388 ἐγνωσμένοι
1402 2344 1434 2374 Α
