1685 2772
140 129 271 184 xxvn]
555 132 686 172 KAT’
737 135 988 173 ΑΦΟΒΟΤ
1038 134 1069 172 Α

136 246 417 299 ἀναισχυντία,·
467 245 574 287 ταῦτ’
607 245 682 298 οὐχ
723 245 929 298 ὑπερβολὴ
967 247 1096 296 δεινῆς
1139 246 1461 299 αἰσχροκερδίας;

135 314 177 353 τί
202 314 271 353 οὖν
302 312 389 353 ποτ’
418 313 506 354 ἐστὶ
537 312 580 354 τὸ
609 313 752 360 δεινόν,
781 314 814 353 εἰ
848 312 901 363 μὴ
927 316 1049 352 ταῦτα
1083 312 1191 363 δόξει
1226 313 1463 364 τηλικαύτας

134 380 362 432 ὑπερβολὰς
391 379 553 433 ἔχοντα;
607 380 720 422 οὗτος
753 381 886 420 τοίνυν
914 383 958 420 τὸ
993 379 1078 420 καθ’
1107 379 1226 420 αὑτὸν
1263 381 1363 421 ὀκτὼ
1402 381 1463 421 καὶ

135 446 274 488 ἑκατὸν
298 450 397 498 μνᾶς
421 450 565 498 λαβεῖν
591 448 809 499 ὁμολογῶν,
837 446 921 500 ἔχει
948 446 1011 487 καὶ
1043 447 1163 489 αὐτὰς
1189 447 1252 488 καὶ
1275 447 1320 488 τὸ
1347 447 1463 500 ἔργον

95 522 114 555 5
134 513 214 554 δέκ’
249 515 359 560 ἐτῶν,
397 513 573 565 μάλιστα
608 514 696 567 τρία
727 513 905 554 τάλαντα
941 513 1004 553 καὶ
1037 515 1184 567 χιλίας.
1258 514 1322 554 καὶ
1355 514 1463 554 ταῦθ’

135 580 186 622 ὡς
211 581 337 631 ἀληθῆ
361 580 481 633 λέγω,
511 581 573 622 καὶ
600 582 643 622 ἐν
665 584 748 623 τοῖς
772 582 911 633 λόγοις
934 583 1004 631 τῆς
1033 583 1246 633 ἐπιτροπῆς
1271 585 1315 621 τό
1340 581 1462 632 λῆμμ’

134 647 302 690 ἕκαστος
325 647 430 688 τοῦθ’
457 648 665 700 ὁμολογῶν
689 652 836 699 λαβεῖν
855 647 961 689 ἅπαν
981 647 1229 698 ἀνηλωκέναι
1248 649 1461 701 λογίζεται,

132 716 238 766 λαβὲ
262 716 331 756 τὰς
353 715 561 767 μαρτυρίας
589 715 650 755 καὶ
671 713 884 757 ἀνάγνωθι.

683 836 909 863 ΜΑΡΤὙῬΙΑΙ.

76 933 114 955 10
200 911 361 962 Νομίζω
394 912 538 956 τοίνυν,
566 908 596 950 ὦ
630 909 767 961 ἄνδρες
802 910 996 956 δικασταί,
1025 911 1113 963 περὶ
1142 911 1290 952 τούτων
1326 914 1465 953 ἱκανῶς

131 979 205 1030 μὲν
228 979 327 1028 ὑμᾶς
351 976 630 1028 μεμαθηκέναι,
655 976 717 1016 καὶ
737 977 816 1016 ὅσα
836 976 1076 1018 κλέπτουσιν
1098 978 1160 1018 καὶ
1182 982 1466 1031 κακουργοῦσιν

134 1045 301 1086 ἕκαστος
326 1044 464 1084 αὐτῶν·
503 1043 560 1084 ἔτι
596 1043 628 1084 δ’
661 1043 950 1096 ἀκριβέστερον
981 1043 1119 1096 ἔγνωτ’
1143 1045 1203 1092 ἄν,
1233 1047 1268 1087 εἴ
1296 1063 1362 1097 μοι
1397 1063 1466 1088 τας

134 1111 331 1163 διαθήκας,
358 1112 402 1153 ἃς
427 1112 447 1151 ὁ
472 1110 600 1163 πατὴρ
628 1110 852 1157 κατέλιπεν,
876 1111 984 1151 οὗτοι
1009 1112 1223 1153 ἀποδοῦναι
1247 1113 1462 1163 ἠθέλησαν.

135 1179 177 1219 ἐν
201 1179 276 1232 γὰρ
302 1179 466 1220 ἐκείναις
493 1177 726 1230 ἐγέγραπτο,
755 1178 808 1219 ὥς
842 1182 969 1230 φησιν
992 1178 1016 1229 ἡ
1040 1178 1179 1231 μήτηρ,
1207 1180 1231 1220 ἃ
1256 1179 1465 1220 κατέλιπεν

76 1264 112 1296 15
135 1246 155 1286 ὁ
179 1244 306 1297 πατὴρ
331 1244 472 1291 πάντα,
501 1245 564 1284 καὶ
590 1243 638 1295 ἐξ
658 1246 713 1284 ὧν
738 1244 817 1284 ἔδει
851 1245 1012 1287 τούτους
1042 1250 1188 1297 λαβεῖν
1212 1247 1260 1286 τὰ
1288 1246 1463 1292 δοθέντα,

137 1312 199 1353 καὶ
223 1312 292 1353 τὸν
317 1311 424 1353 οἶκον
449 1313 555 1354 ὅπως
586 1311 853 1363 μισθώσουσι.
928 1315 998 1352 νῦν
1033 1312 1065 1352 δ’
1085 1314 1341 1355 ἀπαιτοῦντος
1374 1315 1467 1364 ἐμοῦ

137 1381 450 1432 καταλειφθῆναι
474 1381 546 1430 μὲν
571 1379 851 1430 ὁμολογοῦσιν,
882 1378 1001 1420 αὐτὰς
1026 1379 1059 1418 δ’
1085 1379 1152 1419 οὐκ
1182 1381 1463 1432 ἀποφαίνουσι.

135 1450 257 1487 ταῦτα
289 1449 330 1488 δὲ
359 1450 518 1487 ποιοῦσι
553 1446 599 1486 τό
635 1462 677 1486 τε
707 1447 858 1496 πλῆθος
893 1446 938 1486 οὐ
968 1448 1208 1497 βουλόμενοι
1243 1448 1466 1500 καταφανὲς

136 1516 302 1564 ποιῆσαι
331 1516 399 1564 τῆς
430 1514 566 1555 οὐσίας
596 1512 641 1552 τὸ
681 1512 960 1565 καταλειφθέν,
991 1512 1011 1553 ὃ
1052 1513 1316 1565 διηρπάκασιν
1347 1514 1464 1559 οὗτοι,

77 1599 116 1621 20
135 1580 206 1624 τάς
229 1598 271 1622 τε
296 1582 442 1633 δωρεὰς
474 1582 538 1622 ἵνα
569 1580 622 1632 μὴ
655 1583 828 1620 δοκῶσιν
866 1579 987 1634 ἔχειν,
1015 1580 1150 1633 ὥσπερ
1179 1582 1246 1622 οὐκ
1278 1579 1324 1631 ἐξ
1349 1580 1467 1621 αὐτοῦ

135 1651 205 1688 τοῦ
236 1648 462 1701 πράγματος
496 1647 883 1702 ἐξελεγχθησόμενοι
914 1648 1070 1701 ῥᾳδίως.
1140 1650 1246 1699 λαβὲ
1277 1647 1310 1687 δ’
1336 1647 1466 1690 αὐτοῖς

135 1716 205 1758 τὰς
228 1716 436 1768 μαρτυρίας
460 1717 514 1756 ὧν
540 1715 716 1756 ἐναντίον
743 1716 1019 1767 ἀπεκρίναντο,
1048 1715 1109 1755 καὶ
1135 1714 1346 1767 ἀνάγνωθι.

688 1837 915 1864 ΜΑΡΤΤΡῙΑΙ.

204 1911 332 1954 Οὗτος
358 1910 544 1962 διαθήκην
569 1913 642 1962 μὲν
666 1909 856 1963 γενέσθαι
881 1913 1022 1963 φησίν,
1046 1911 1108 1951 καὶ
1133 1911 1180 1950 τὰ
1199 1910 1266 1950 δύο
1292 1909 1466 1950 τάλαντα

80 1991 117 2024 25
140 1982 385 2031 Δημοφῶντι
410 1979 471 2019 καὶ
495 1979 564 2020 τὰς
588 1976 830 2030 ὀγδοήκοντα
859 1981 958 2028 μνᾶς
987 1979 1109 2032 τούτῳ
1136 1979 1296 2027 δοθῆναι
1320 1994 1462 2029 μαρτυ·

185 2098 199 2119 1
225 2087 313 2120 ταῦθ’
331 2089 392 2127 οὐχ
413 2086 437 2117 S
567 2096 587 2125 4
611 2084 791 2128 πρόσεργον
808 2085 843 2125 S,
859 2086 901 2116 cf.
924 2089 960 2124 §§
982 2095 1029 2125 17,
1048 2096 1089 2125 35
1222 2094 1242 2124 5
1265 2087 1330 2117 τῶν
1348 2084 1463 2117 δέκαΑ

136 2133 159 2162 6
181 2134 240 2170 τῆς
266 2130 342 2169 SA,
369 2130 409 2162 cf.
435 2129 562 2160 xxxviii
590 2139 639 2168 14,
670 2138 730 2168 15:
755 2132 824 2162 τοῖς
847 2132 905 2168 τῆς
929 2129 1020 2168 vulg.
1166 2141 1187 2169 9
1214 2134 1415 2161 MAPT‘rPlA
1439 2129 1463 2159 S

141 2184 178 2206 11
197 2177 247 2207 καὶ
265 2174 339 2215 ὅσα]
362 2175 429 2205 (καὶ
446 2173 558 2203 malim
576 2173 708 2203 abesse’
725 2173 904 2213 (Sauppe).
947 2172 1036 2212 sapit
1057 2183 1138 2203 sane
1157 2173 1347 2212 sequiorum
1366 2182 1463 2202 usum

141 2219 181 2249 16
202 2219 399 2258 μισθώσουσι
426 2216 562 2255 Reiske‚
582 2216 625 2247 cs.
646 2218 661 2254 5
679 2226 731 2255 42,
751 2216 834 2246 xxix
851 2227 914 2254 42:
938 2218 1132 2255 μισθώσοιτο
1157 2217 1246 2255 vulg.
1265 2218 1381 2255 (·οιντο
1397 2215 1461 2252 Α);

136 2263 328 2301 μισθώσοιεν
346 2260 503 2290 Foerster
642 2269 681 2298 19
706 2264 902 2300 καταλιφθεν
919 2259 943 2289 S
1084 2270 1123 2289 21
1151 2260 1461 2301 ἐξελεγχθησόμενοι

138 2304 164 2335 S
179 2316 186 2335 :
211 2307 326 2344 ἐλεγχ.
343 2302 432 2342 vulg.
559 2313 600 2332 22
624 2303 680 2334 τὰς
696 2301 900 2344 (ἀποκρίσεις
917 2303 967 2334 καὶ
984 2301 1061 2344 τὰς)
1080 2302 1176 2333 Blass
1258 2303 1301 2335 ὧν
1318 2302 1461 2335 ἐναντίον

138 2347 180 2386 A,
209 2347 250 2379 cf.
280 2351 295 2385 ξ
322 2356 374 2387 21,
401 2357 471 2377 xxx
496 2356 554 2383 24:
587 2345 630 2377 ὧν
654 2345 699 2376 S:
724 2348 762 2378 ὡς
788 2346 814 2376 F
988 2356 1029 2384 23
1054 2346 1195 2376 ‘lemma
1219 2356 1295 2376 esse
1320 2346 1460 2376 debebat

140 2394 360 2424 ΑΠΟΚΡΙΣΙΣ
385 2389 602 2422 MAPTTPIA'
629 2389 769 2428 (Blass),
796 2389 836 2420 cf.
864 2389 948 2421 Isae.
974 2390 1005 2419 vi
1034 2391 1073 2419 16
1277 2399 1319 2428 25
1343 2391 1384 2421 τὰ
1407 2389 1461 2421 δύο

140 2435 288 2467 τάλαντα
304 2438 381 2473 post
398 2435 447 2465 καὶ
466 2433 562 2464 iterat
579 2431 627 2470 5¹,
648 2442 735 2464 corr.
754 2433 828 2464 ead.
845 2442 887 2463 m.

1497 137 1615 194 [825]

1494 396 1539 431 39

1498 652 1615 708 [826]

1496 937 1543 970 40

1496 1332 1537 1366 41

1495 1928 1539 1960 42
