1685 2772
49 114 183 169 [1017]

140 517 180 551 31

49 938 181 993 [1018]

141 1004 184 1038 32

624 119 1144 174 [ΔΗΜΟΣΘΕΝΟὙΣ]
1478 120 1544 177 [xz

216 232 426 283 διαιτητής,
469 234 532 274 καὶ
579 232 718 289 φάσκῃ
763 232 830 273 ὑπ’
872 234 966 284 ἐμοῦ
1008 232 1282 285 ἀπαράσκευος
1325 237 1542 287 ληφθῆναι,

216 304 369 353 πρῶτον
402 302 475 351 μὲν
503 300 706 351 μέμνησθε
737 301 797 340 ὅτι
826 300 893 339 οὐκ
923 301 1060 352 ὀλίγος
1084 302 1228 353 χρόνος
1253 301 1424 353 ἐγένετο,
1454 303 1496 342 ἐν
1518 301 1550 358 ᾧ

215 367 294 408 ἔδει
310 366 689 419 παρασκευάσασθαι
705 367 836 412 αὐτόν,
854 366 947 407 ἀλλ’
964 366 1030 416 ἔτη
1051 367 1196 414 πολλά,
1215 368 1337 408 ἔπειθ’
1355 369 1416 409 ὅτι
1430 369 1542 411 οὗτος

215 434 263 486 ἦν
279 436 298 474 ὁ
324 435 486 481 διώκων,
505 435 611 474 ὥστε
628 434 729 474 πολὺ
748 436 907 484 μᾶλλον
924 433 969 484 ἦν
988 433 1090 476 εἰκὸς
1105 436 1175 483 ἐμὲ
1189 436 1265 474 ὑπὸ
1280 435 1418 476 τούτου
1438 437 1540 477 ἀπα-

214 502 407 555 ράσκευον
432 504 637 554 ληφθῆναι
661 498 684 551 ἦ
710 504 848 541 τοῦτον
867 500 932 541 ὑπ’
948 502 1055 551 ἐμοῦ.
1103 503 1161 541 ἔτι
1181 504 1222 542 δὲ
1240 502 1383 544 πάντες
1398 504 1489 554 ὑμῖν
1504 506 1542 544 οἱ

215 570 310 621 πρὸς
335 573 386 624 τῷ
413 573 589 625 διαιτητῇ
614 569 806 620 παρόντες
830 567 1177 620 μεμαρτυρήκασιν
1201 568 1253 611 ὡς
1271 569 1384 611 οὗτος
1406 571 1542 622 παρὼν

215 636 343 682 αὐτός,
376 638 441 676 ὅτε
467 634 708 692 ἀπεδιῄτησέ
731 654 805 686 μου
831 636 850 674 ὁ
877 634 1090 686 διαιτητής,
1118 637 1208 676 οὔτε
1242 637 1389 688 ἐφῆκεν
1415 638 1470 678 εἷς
1497 637 1542 676 τὸ

215 703 466 755 δικαστήριον
497 702 671 754 ἐνέμεινέ
694 720 734 743 τε
761 709 808 760 τῇ
834 704 976 759 διαίτῃ.
1031 703 1155 743 καίτοι
1174 703 1323 743 ἄτοπον
1348 706 1455 744 δοκεῖ
1475 721 1542 755 μοι

215 771 326 817 εῖναι,
353 773 386 811 εἰ
412 773 447 811 οἱ
471 774 542 822 μὲν
558 770 688 817 ἄλλοι,
717 771 812 811 ὅταν
830 771 990 810 οἴωνται
1010 771 1244 817 ἀδικεῖσθαι,
1267 770 1414 812 καὶτὰς
1439 771 1542 811 πάνυ

212 841 350 891 μικρὰς
386 840 494 880 δίκας
532 840 585 880 εἷς
621 840 720 889 ὑμᾶς
750 839 927 890 ἐφιᾶσιν,
960 838 1072 879 οὗτος
1102 837 1145 878 δέ
1171 855 1238 889 μοι
1266 831 1355 889 περὶ
1382 837 1542 891 προικὸς

213 907 323 955 δίκην
359 905 554 946 ταλάντου
590 906 743 959 λαχών,
781 905 934 955 ταύτης,
976 905 1027 946 ὡς
1064 904 1179 947 αὐτός
1215 911 1355 957 φησιν,
1399 906 1542 947 ἀδίκως

215 973 560 1023 ἀποδιαιτηθείσης
581 972 790 1024 ἐνέμεινεν.
840 972 885 1022 νὴ
914 971 997 1019 Δί’,
1026 971 1243 1024 ἀπράγμων
1262 972 1337 1025 γάρ
1360 989 1419 1014 τις
1445 974 1542 1015 ἴσως

216 1040 325 1080 εστὶν
345 1039 548 1092 ἄνθρωπος
574 1041 636 1080 καὶ
661 1041 705 1080 οὐ
732 1041 953 1093 φιλόδικος.
1002 1040 1231 1090 ἐβουλόμην
1256 1039 1338 1086 τᾶν,
1357 1038 1387 1079 ὦ
1404 1039 1541 1092 ἄνδρες

215 1108 409 1153 δικασταί,
431 1111 606 1147 τοιοῦτον
630 1107 749 1148 αὐτὸν
770 1107 883 1148 εἶναι.
923 1108 1007 1148 νυνὶ
1025 1110 1067 1148 δὲ
1086 1109 1195 1158 ὑμεῖς
1213 1109 1288 1159 μὲν
1308 1107 1430 1149 οὕτως
1445 1108 1540 1147 ἐστὲ

215 1175 336 1215 κοινοὶ
362 1175 424 1215 καὶ
450 1175 737 1228 φιλάνθρωποι,
765 1176 869 1215 ὥστε
890 1175 979 1215 οὐδὲ
1002 1174 1093 1217 τοὺς
1117 1178 1194 1215 τῶν
1214 1173 1422 1227 τριάκοντα
1446 1176 1541 1216 υἱεῖς

215 1245 462 1294 φυγαδεῦσαι
498 1244 540 1282 ἐκ
570 1244 638 1292 τῆς
668 1243 823 1284 πόλεως
855 1241 1068 1293 ἠξιώσατε·
1106 1242 1218 1283 οὗτος
1250 1244 1293 1283 δὲ
1323 1241 1410 1293 ἐμοὶ
1441 1242 1541 1292 μετὰ

214 1309 464 1351 Μενεκλέους
484 1314 551 1349 τοῦ
570 1309 729 1350 πάντων
753 1310 904 1350 τούτων
929 1308 1207 1362 ἀρχιτέκτονος
1232 1308 1539 1360 ἐπιβουλεύσας,

215 1376 277 1416 καὶ
320 1375 366 1427 ἐξ
410 1378 639 1429 ἀντιλογίας
682 1377 744 1417 καὶ
786 1377 986 1428 λοιδορίας
1035 1378 1192 1429 πληγὰς
1240 1375 1537 1429 συναψάμενος,

214 1445 408 1494 ἐπιτεμὼν
437 1444 508 1494 τὴν
538 1444 718 1497 κεφαλὴν
749 1441 857 1496 <τὴν>
890 1445 1009 1483 αὑτοῦ
1043 1444 1260 1495 τραύματος
1299 1445 1354 1485 εἰς
1379 1442 1541 1496 ’Άρειον

215 1510 343 1563 πάγον
372 1529 420 1562 με
453 1511 794 1563 προσεκαλέσατο,
831 1511 881 1551 ὡς
911 1511 1174 1564 φυγαδεύσων
1203 1512 1246 1551 ἐκ
1275 1513 1344 1561 τῆς
1373 1511 1540 1552 πόλεως.

217 1579 278 1618 καὶ
296 1579 328 1618 εἰ
344 1578 395 1629 μὴ
415 1579 627 1620 Εὐθύδικος
644 1580 664 1617 ὁ
684 1579 826 1628 ἰατρός,
846 1581 942 1630 πρὸς
968 1578 1012 1619 ὃν
1038 1578 1144 1619 οῦτοι
1167 1578 1213 1619 τὸ
1237 1582 1393 1629 πρῶτον
1417 1576 1544 1627 ἦλθον

214 1646 392 1696 δεόμενοι
418 1647 616 1697 ἐπιτεμεῖν
640 1645 712 1696 τὴν
739 1645 920 1698 κεφαλὴν
945 1646 1075 1691 αὐτοῦ,
1103 1645 1200 1699 πρὸς
1226 1645 1297 1695 τὴν
1321 1644 1367 1695 ἐξ
1387 1644 1543 1697 Ἀρείου

214 1711 343 1764 πάγου
367 1712 520 1763 βουλὴν
541 1713 650 1754 εἶπεν
669 1713 740 1763 τὴν
761 1712 952 1763 ἀλήθειαν
977 1716 1125 1760 πᾶσαν,
1147 1713 1333 1763 τοιαύτην
1357 1711 1406 1752 ἂν
1430 1713 1542 1762 δίκην

213 1779 325 1821 οὗτος
346 1779 501 1832 εἰλήφει
517 1780 608 1832 παρ’
625 1782 718 1831 ἐμοῦ
736 1777 850 1833 <τοῦ>
864 1783 986 1831 μηδὲν
1006 1782 1241 1826 ἀδικοῦντος,
1260 1779 1307 1830 ἣν
1324 1780 1434 1830 ὑμεῖς
1452 1779 1542 1819 οὐδὲ

214 1849 310 1887 κατὰ
348 1851 425 1887 τῶν
462 1849 510 1887 τὰ
550 1847 705 1900 μέγιστ’
745 1848 982 1888 ἀδικούντων
1023 1849 1123 1899 ὑμᾶς
1167 1845 1452 1900 ἐπιχειρήσαιτ’
1493 1845 1542 1886 ἂν

258 1967 276 1994 4
302 1962 376 1995 post
393 1958 512 1989 διώκων
529 1958 604 1988 add.
625 1958 686 1996 τὴν
703 1958 794 1994 δίκην
811 1957 855 1988 S:
880 1968 946 1989 om.
962 1962 1039 1988 cett.
1130 1960 1259 1997 μᾶλλον
1275 1957 1315 1995 ἦν
1333 1959 1414 1990 εἰκὸς
1432 1957 1479 1989 S:
1503 1956 1543 1995 ἣν

215 2001 295 2032 εῖκὺς
308 2004 434 2038 μᾶλλον
447 2001 535 2040 vulg.
552 2013 557 2031 :
577 2001 615 2039 ἧν
633 2003 670 2033 ἂν
687 2004 817 2041 μᾶλλον
833 2001 864 2031 Α
952 2003 973 2031 6
991 2005 1067 2041 post
1080 2003 1187 2042 παρὼν
1197 2002 1272 2033 add
1290 2001 1382 2034 αὐτός
1400 2001 1424 2032 S
1437 2001 1525 2040 vulg
1519 2024 1537 2040 ‚

213 2044 289 2075 τότε
309 2044 338 2072 Α
357 2056 361 2074 ;
387 2045 453 2075 del.
475 2046 572 2075 Blass
694 2056 710 2083 7
737 2052 857 2085 εφηκον
875 2045 899 2075 S
1022 2055 1055 2075 [Ι
1083 2045 1203 2083 ταύτης
1223 2045 1346 2076 Blass:
1370 2044 1472 2087 ταύτῃ
1491 2045 1540 2076 S:

213 2086 290 2118 τότε
309 2088 396 2126 vulg.
578 2099 615 2118 12
641 2089 919 2126 ἀποδιαιτηθείσης
943 2087 1404 2129 Α(Β1355>;ἀποδιαιτηθεὶς
1427 2088 1540 2127 vulg..

213 2133 469 2169 καταδιαιτηθεὶς
487 2131 586 2162 Wolf
663 2145 713 2164 τις
730 2143 793 2163 om.
815 2132 844 2170 Q
859 2133 888 2162 D
972 2139 1011 2170 13
1038 2132 1197 2173 ἅνθρωπος
1216 2132 1378 2163 Schaefer
1447 2131 1539 2174 φιλό·

213 2177 297 2206 δικος
315 2174 359 2206 S:
385 2175 567 2215 φιλόνεικος
585 2175 672 2214 vulg.
769 2177 829 2207 τᾶν
847 2175 884 2206 S¹
901 2175 926 2205 F
940 2175 969 2213 Q
984 2177 1013 2206 D
1029 2186 1035 2205 :
1060 2176 1180 2215 μέντᾶν
1195 2174 1227 2205 Α
1239 2175 1262 2206 S
1279 2186 1363 2206 corr.
1501 2186 1539 2214 14

214 2219 299 2256 ὑμεῖς
316 2219 375 2257 μὲν
393 2229 457 2250 om.
477 2220 511 2259 S,
531 2219 590 2258 μὲν
606 2220 681 2250 add.
702 2229 743 2249 m.
762 2224 830 2249 ant.
925 2221 963 2249 16
988 2219 1022 2251 δὲ
1041 2220 1109 2258 ἐμοὶ
1127 2219 1172 2250 S:
1198 2218 1236 2250 δέ
1248 2233 1300 2258 μοι
1317 2219 1405 2258 vulg.
1502 2228 1541 2259 19

214 2260 315 2303 (τὴν)
344 2263 457 2293 addidi
590 2273 632 2292 20
655 2261 921 2302 προσεκαλέσατο
947 2262 1004 2293 A:
1037 2261 1281 2303 προύκαλέσατο
1315 2262 1381 2299 (vel
1412 2264 1537 2302 προεκ.)

213 2306 302 2343 vulg.
410 2316 450 2334 22
476 2306 571 2337 αὐτοῦ
587 2306 637 2335 A:
663 2307 757 2337 αὐτὸς
777 2306 899 2344 Svulg.
1002 2316 1108 2344 23-24
1132 2305 1286 2343 τοιαύτην
1298 2306 1336 2337 ’ἂν
1347 2306 1437 2343 δίκην
1448 2305 1540 2337 οὗτος

213 2347 242 2376 Α
261 2360 268 2378 t
291 2348 414 2386 ταύτην
431 2350 521 2387 δίκην
538 2348 630 2380 οὗτος
649 2350 687 2380 ἂν
705 2350 793 2388 vulg.
814 2349 838 2379 S
856 2359 941 2379 corr.
958 2350 1064 2387 smum„
1082 2359 1146 2379 om.
1163 2348 1217 2388 5¹)
1307 2358 1348 2387 24
1371 2351 1429 2380 τοῦ
1440 2348 1541 2388 μηδὲν

213 2392 343 2430 scripsi,
364 2393 402 2421 cf.
422 2393 537 2422 xxxvii
555 2393 585 2431 8,
607 2392 690 2423 lsae.
711 2392 732 2422 ii
754 2403 789 2422 11
808 2404 814 2422 ι
837 2392 936 2432 μηδὲν
955 2392 997 2424 S:
1024 2392 1114 2424 οὐδὲν
1131 2397 1208 2423 cett.

1575 855 1614 878 10

1576 1190 1612 1222 15

1573 1531 1614 1554 20
