1685 2772
47 119 191 175 [1023]

152 390 194 426 53

53 512 193 567 Dm&

155 865 198 900 54

158 1398 199 1436 55

630 122 1157 177 [AHMOEQENOTQ
1494 123 1560 183 μι

780 294 1005 321 ΜΑΡΤΎῬΙΑΙ.

292 380 480 417 Τοσαῦτα
505 377 636 417 τοίνυν
664 377 759 427 ἐμοῦ
784 376 1074 427 ἐλαττουμένου
1099 381 1293 429 φανερῶς,
1328 378 1464 418 οὑτοσὶ
1493 382 1561 420 νῦν

227 444 477 498 σχετλιάζων
504 443 567 484 καὶ
597 446 842 484 δεινοπαθῶν
875 444 937 483 καὶ
967 443 1038 493 τὴν
1071 443 1214 495 προῖκά
1240 462 1289 495 με
1318 447 1387 495 τῆς
1414 445 1560 498 μητρὸς

227 510 516 563 ἀποστερήσει;
544 510 636 551 ἀλλ’
656 512 779 561 ὑμεῖς,
808 509 837 550 ῶ
863 510 1001 563 ἄνδρες
1027 512 1222 558 δικασταί,
1251 515 1347 564 πρὸς
1373 511 1471 555 Διὸς
1497 514 1560 554 καὶ

228 582 339 625 θεῶν,
366 578 417 630 μὴ
446 580 726 631 καταπλαγῆτε
753 577 830 619 ὑπὸ
854 580 923 628 τῆς
951 580 1118 630 κραυγῆς
1147 580 1217 629 τῆς
1245 579 1397 620 τούτου·
1433 580 1561 623 πολὺς

227 646 315 699 γάρ,
347 646 472 688 πολὺς
505 646 567 685 καὶ
595 646 793 697 τολμηρός
825 646 939 686 ἐστιν
969 644 1185 698 ἅνθρωπος,
1220 647 1281 686 καὶ
1311 647 1432 687 οὕτως
1467 665 1558 688 κακ-

229 718 379 766 οῦργος,
410 713 514 753 ὥστε
543 713 632 764 περὶ
661 713 715 753 ὧν
749 712 797 753 ἂν
829 712 882 763 μὴ
913 713 985 768 ἔχῃ
1015 713 1226 765 μαρτυρίας
1263 714 1558 768 παρασχέσθαι,

228 785 348 821 ταῦτα
392 779 516 833 φήσει
550 781 650 831 ὑμᾶς
687 779 844 826 εἰδέναι,
883 778 912 819 ὦ
949 779 1085 831 ἄνδρες
1122 782 1316 827 δικασταί,
1354 780 1375 822 ὃ
1417 781 1561 824 πάντες

228 851 411 889 ποιοῦσιν
432 850 467 888 οἱ
485 850 608 899 μηδὲν
623 848 731 899 ὑγιὲς
754 846 957 899 λέγοντες.
1016 848 1124 897 ὑμεῖς
1145 847 1225 893 οὗν,
1243 847 1312 888 ἐάν
1327 865 1364 889 τι
1383 853 1562 890 τοιοῦτον

227 915 409 972 τεχνάζῃ,
437 915 489 966 μὴ
517 914 746 966 ἐπιτρέπετε
772 913 888 968 αὐτῷ,
917 913 1009 954 ἀλλ’
1037 912 1283 968 ἐξελέγχετε,
1314 916 1376 956 καὶ
1407 917 1429 955 ὅ
1452 934 1489 956 τι
1514 916 1562 957 ἂν

228 983 281 1034 μὴ
308 983 472 1023 ἕκαστος
492 983 599 1032 ὑμῶν
620 981 716 1037 εἰδῇ,
735 983 834 1032 μηδὲ
854 980 921 1021 τὸν
946 982 1124 1031 πλησίον
1141 981 1380 1032 δοκιμαζέτω
1401 982 1558 1031 εἰδέναι,

230 1049 321 1090 ἀλλ’
348 1048 514 1099 ἀξιούτω
539 1051 677 1088 τοῦτον
704 1047 982 1088 ἀποδεικνύναι
1008 1051 1150 1100 σαφῶς
1174 1049 1270 1100 ὑπὲρ
1295 1049 1349 1090 ὧν
1375 1049 1424 1090 ἂν
1447 1049 1560 1106 λέγῃ,

231 1117 293 1156 καὶ
324 1116 376 1167 μὴ
409 1117 507 1167 ὑμᾶς
541 1115 751 1168 φάσκοντα
784 1113 940 1160 εἰδέναι,
978 1114 1065 1166 περὶ
1097 1115 1152 1155 ὧν
1188 1115 1304 1157 αὐτὸς
1339 1115 1452 1156 οὐδὲν
1482 1116 1562 1167 ἕξει

232 1184 356 1224 εἰπεῖν
389 1183 551 1229 δίκαιον,
583 1181 889 1233 ἀποδιδράσκειν
922 1180 994 1232 τὴν
1027 1180 1231 1232 ἀλήθειαν,
1265 1183 1349 1223 ἐπεὶ
1381 1184 1442 1224 καὶ
1468 1184 1558 1236 ἐγώ,

231 1248 261 1291 ῶ
286 1250 423 1299 ἄνδρες
447 1251 640 1296 δικασταί,
670 1248 830 1290 πάντων
852 1249 961 1299 ὑμῶν
987 1249 1146 1289 εἰδότων
1166 1248 1212 1289 ὃν
1226 1250 1372 1301 τρόπον
1389 1251 1560 1301 ἀναγκα-

232 1317 342 1360 σθεὶς
368 1318 387 1357 ὁ
412 1316 539 1369 πατήρ
562 1334 636 1368 μου
653 1315 868 1367 ἐποιήσατο
888 1316 1062 1362 τούτους,
1091 1315 1204 1357 οὐδὲν
1221 1316 1340 1367 ἧττον
1359 1317 1562 1369 δικάζομαι

232 1388 299 1426 νῦν
326 1384 458 1426 αὐτοῖς
482 1384 545 1424 καὶ
562 1383 758 1436 μάρτυρας
781 1384 987 1424 ὑποδίκους
1013 1383 1280 1437 παρέσχημαι.
1345 1384 1470 1425 καίτοι
1494 1385 1561 1425 οὐκ

231 1453 320 1494 ἴσος
340 1451 377 1504 γ’
396 1452 488 1502 ἡμῖν
513 1453 624 1492 ἐστιν
649 1452 669 1490 ὁ
695 1452 882 1496 κίνδυνος,
911 1450 1003 1490 ἀλλ’
1031 1452 1116 1502 ἐμοὶ
1140 1450 1225 1502 μέν,
1253 1452 1322 1491 ἐὰν
1345 1452 1456 1502 ὑμεῖς
1478 1452 1563 1493 νυνὶ

232 1519 307 1560 ὑπὸ
327 1519 474 1559 τούτων
494 1517 777 1569 ἐξαπατηθῆτε,
801 1518 868 1558 οὐκ
885 1517 1045 1569 ἐξέσται
1061 1518 1118 1559 ἔτι
1135 1517 1376 1559 δικάσασθαι
1391 1519 1479 1571 περὶ
1494 1521 1564 1569 τῆς

233 1587 404 1638 προικός·
442 1586 597 1628 τούτοις
628 1585 674 1632 δ’,
708 1587 741 1626 εἰ
768 1586 896 1638 φασὶν
923 1586 1063 1627 ἀδίκως
1088 1586 1374 1636 ἀποδιαιτῆσαί
1396 1603 1470 1637 μου
1495 1586 1563 1627 τὸν

234 1652 435 1703 διαιτητὴν
459 1655 526 1693 τὰς
552 1654 673 1698 δίκας,
709 1654 770 1693 καὶ
795 1652 875 1692 τότ’
903 1651 996 1703 ἐξῆν
1023 1654 1076 1694 εἰς
1102 1654 1200 1704 ὑμᾶς
1226 1654 1381 1705 ἐφεῖναι
1407 1654 1470 1694 καὶ
1494 1657 1563 1694 νῦν

235 1719 494 1772 ἐγγενήσεται
526 1719 661 1766 πάλιν,
697 1721 765 1760 ἐὰν
801 1720 1043 1770 βούλωνται,
1081 1720 1172 1772 παρ’
1210 1722 1304 1771 ἐμοῦ
1338 1724 1484 1771 λαβεῖν
1521 1722 1564 1761 ἐν

234 1789 326 1838 ὑμῖν
350 1787 394 1827 τὸ
430 1789 592 1828 δίκαιον.
650 1787 712 1827 καὶ
737 1787 815 1838 ἐγὼ
839 1786 924 1838 μέν,
953 1787 1034 1833 ἐάν,
1062 1786 1082 1827 ὃ
1106 1786 1158 1839 μὴ
1189 1786 1357 1840 γέιόιτο,
1382 1789 1492 1839 ὑμεῖς
1514 1805 1564 1839 με

237 1855 537 1906 ἐγκαταλίπητε,
565 1853 638 1907 οὐχ
664 1853 740 1905 ἔξω
767 1854 912 1894 ὁπόθεν
938 1858 1080 1907 προῖκα
1107 1856 1225 1895 ἐπιδῶ
1246 1855 1291 1910 τῇ
1319 1856 1492 1907 θυγατρί,
1518 1854 1564 1905 ἧς

236 1921 282 1977 τῇ
307 1923 379 1972 μὲν
405 1922 528 1974 φύσει
552 1920 680 1973 πατήρ
707 1922 797 1972 εἶμι,
825 1921 896 1971 τὴν
922 1921 954 1961 δ’
980 1922 1139 1972 ἡλικίαν
1156 1921 1274 1972 αὐτῆς
1295 1923 1327 1962 εἰ
1346 1923 1478 1968 ἴδοιτε,
1496 1921 1563 1962 οὐκ

282 2041 300 2060 2
326 2032 432 2062 οὑτοσὶ
450 2031 559 2069 codd„
579 2031 669 2069 Oxy.
691 2031 769 2070 Pap.
790 2041 874 2069 702:
899 2029 990 2064 οὗτος
1003 2031 1101 2062 Blass
1177 2033 1232 2062 νῦν
1249 2029 1314 2062 SA
1328 2031 1357 2061 D
1376 2030 1471 2070 Pap.:
1499 2031 1564 2063 νυνὶ

238 2074 304 2111 FQ
394 2085 413 2113 3
438 2076 487 2106 καὶ
505 2074 580 2114 τὴν]
597 2077 646 2107 καὶ
665 2085 730 2105 om.
753 2074 819 2112 FQ
840 2074 920 2114 Pap.
992 2074 1048 2115 με]
1069 2088 1126 2106 ιιον
1143 2073 1173 2104 Α
1191 2074 1272 2114 Pap.
1363 2076 1384 2104 6
1408 2074 1566 2116 ἅνθρωπος

238 2117 377 2147 Bekker
395 2129 402 2148 ε
427 2119 586 2158 ἅνθρωπος
604 2119 701 2149 codd.
809 2128 825 2156 7
850 2119 1022 2158 μαρτυρίας
1040 2118 1063 2149 S
1078 2119 1107 2147 Α
1123 2129 1130 2148 z
1153 2117 1313 2157 μάρτυρας
1329 2118 1419 2157 vulg.
1528 2128 1567 2148 10

237 2160 380 2202 τεχνάζῃ
398 2161 428 2190 Α
444 2172 450 2191 :
474 2160 673 2203 τεχνάζηται
690 2161 779 2200 vulg.
877 2171 911 2191 11
938 2161 1134 2201 δοκιμαζέτω
1152 2161 1176 2191 S
1189 2161 1275 2202 pr.
1293 2161 1398 2203 Qyp„
1418 2161 1458 2191 cf.
1480 2160 1564 2192 Isae.

1595 934 1634 955 10

1595 1265 1632 1296 ¹5

1596 1598 1635 1620 20

238 2205 283 2234 vii
299 2205 342 2242 36
357 2216 363 2234 :
388 2204 541 2244 νομιζέτω
554 2205 643 2244 vulg.
738 2215 775 2234 12
799 2203 933 2244 τοῦτον]
950 2204 1012 2236 litt.
1028 2219 1102 2237 ουτο
1116 2205 1149 2235 in
1164 2214 1228 2236 ras.
1244 2204 1268 2235 S
1361 2215 1465 2243 12-13
1490 2204 1567 2246 ὑπὲρ

240 2272 246 2277 .
263 2271 270 2278 .
286 2271 293 2278 .
311 2247 425 2280 εἰδέναι
444 2259 507 2279 om.
525 2248 548 2278 S
642 2258 680 2287 15
705 2249 741 2279 ὃν
758 2248 875 2288 τρόπον
891 2258 957 2279 om.
977 2248 1002 2279 S
1095 2250 1133 2278 16
1153 2252 1229 2287 post
1245 2247 1379 2280 τούτους
1395 2249 1470 2278 add.
1490 2247 1567 2288 ὑπὲρ

239 2290 280 2322 ὧν
299 2290 322 2321 S
415 2302 450 2330 17
478 2294 532 2323 νῦν
550 2292 573 2322 S
589 2303 594 2321 ἰ
622 2293 687 2323 νυνὶ
704 2291 754 2322 Αἱ
781 2301 846 2322 om.
867 2291 892 2321 F
906 2292 935 2330 Q
1028 2293 1067 2322 18
1089 2294 1123 2333 ’γ’
1141 2301 1204 2322 om.
1224 2291 1255 2321 A
1345 2301 1383 2321 21
1409 2293 1460 2323 καὶ
1477 2290 1565 2331 τότ’]

239 2335 341 2366 καίτοι
360 2334 397 2364 S¹
447 2335 568 2374 ἐφιέναι
587 2335 610 2365 S
703 2345 743 2364 22
769 2347 970 2373 ειτενησεται
988 2334 1041 2365 5¹:
1068 2338 1177 2376 ἐγγεν.
1198 2333 1222 2364 S
1240 2345 1320 2367 rem:
1345 2337 1372 2367 εἷ
1386 2348 1455 2375 γεν.
1476 2334 1543 2372 FQ
1559 2345 1566 2364 :

241 2380 309 2418 ἐκγ.
326 2378 356 2406 Α
444 2389 484 2416 24
503 2379 764 2419 ἐγκαταλεῖπητε
780 2379 811 2408 Α
828 2384 860 2408 et
874 2380 971 2419 ζένκ.)
991 2379 1015 2409 S
1099 2378 1195 2410 πόθεν
1212 2377 1236 2407 F
1249 2377 1279 2416 Q
1365 2387 1406 2417 25
1424 2379 1452 2410 εἷ
1466 2380 1566 2410 ἴδοιτε

240 2422 326 2459 vulg.
345 2434 351 2452 Ζ
377 2424 414 2453 ἂν
431 2424 521 2460 ἴδητε
541 2422 564 2452 S
