<?xml version="1.0" encoding="UTF-8"?>
<!DOCTYPE html PUBLIC "-//W3C//DTD XHTML 1.0 Transitional//EN"
    "http://www.w3.org/TR/xhtml1/DTD/xhtml1-transitional.dtd">
<html xmlns="http://www.w3.org/1999/xhtml" xml:lang="en" lang="en">
 <head>
  <title>
</title>
<meta http-equiv="Content-Type" content="text/html;charset=utf-8" />
  <meta name='ocr-system' content='tesseract 3.04.00' />
  <meta name='ocr-capabilities' content='ocr_page ocr_carea ocr_par ocr_line ocrx_word'/>
</head>
<body>
  <div class='ocr_page' id='page_1' title='image "./p2orationesrecog02demouoft_0045.png"; bbox 0 0 1685 2772; ppageno 0'>
   <div class='ocr_carea' id='block_1_1' title="bbox 102 131 1013 187">
    <p class='ocr_par' dir='ltr' id='par_1_1' title="bbox 102 131 1013 187">
     <span class='ocr_line' id='line_1_1' title="bbox 102 131 1013 187; baseline 0.001 -13"><span class='ocrx_word' id='word_1_1' title='bbox 102 131 255 187; x_wconf 84' lang='lat' dir='ltr'><strong>xxvm]</strong></span> <span class='ocrx_word' id='word_1_2' title='bbox 499 133 633 175; x_wconf 88' lang='lat' dir='ltr'><strong>KAT’</strong></span> <span class='ocrx_word' id='word_1_3' title='bbox 682 137 936 175; x_wconf 78' lang='grc' dir='ltr'>ΑΦΟΒΟΤ</span> <span class='ocrx_word' id='word_1_4' title='bbox 982 138 1013 175; x_wconf 91' lang='grc' dir='ltr'>Β</span> 
     </span>
    </p>
   </div>
   <div class='ocr_carea' id='block_1_2' title="bbox 100 245 1434 499">
    <p class='ocr_par' dir='ltr' id='par_1_2' title="bbox 100 245 1434 499">
     <span class='ocr_line' id='line_1_2' title="bbox 100 245 1431 304; baseline 0 -17"><span class='ocrx_word' id='word_1_5' title='bbox 100 246 239 299; x_wconf 83' lang='grc' dir='ltr'>ἄνδρες</span> <span class='ocrx_word' id='word_1_6' title='bbox 264 245 459 292; x_wconf 89' lang='grc' dir='ltr'>δικασταί,</span> <span class='ocrx_word' id='word_1_7' title='bbox 485 245 649 304; x_wconf 86' lang='grc' dir='ltr'>γένησθ’</span> <span class='ocrx_word' id='word_1_8' title='bbox 664 246 757 297; x_wconf 89' lang='grc' dir='ltr'>ἡμῖν</span> <span class='ocrx_word' id='word_1_9' title='bbox 782 247 985 287; x_wconf 76' lang='grc' dir='ltr'>τοσούτων</span> <span class='ocrx_word' id='word_1_10' title='bbox 1011 248 1127 287; x_wconf 82' lang='grc' dir='ltr'>αἴτιοι</span> <span class='ocrx_word' id='word_1_11' title='bbox 1155 250 1294 288; x_wconf 80' lang='grc' dir='ltr'>κακῶν·</span> <span class='ocrx_word' id='word_1_12' title='bbox 1332 248 1431 298; x_wconf 81' lang='grc' dir='ltr'>μηδὲ</span> 
     </span>
     <span class='ocr_line' id='line_1_3' title="bbox 101 312 1431 366; baseline 0 -12"><span class='ocrx_word' id='word_1_13' title='bbox 101 313 173 364; x_wconf 78' lang='grc' dir='ltr'>τὴν</span> <span class='ocrx_word' id='word_1_14' title='bbox 205 312 354 365; x_wconf 89' lang='grc' dir='ltr'>μητέρα</span> <span class='ocrx_word' id='word_1_15' title='bbox 382 313 481 364; x_wconf 78' lang='grc' dir='ltr'>κάμὲ</span> <span class='ocrx_word' id='word_1_16' title='bbox 514 313 577 353; x_wconf 87' lang='grc' dir='ltr'>καὶ</span> <span class='ocrx_word' id='word_1_17' title='bbox 606 312 678 363; x_wconf 81' lang='grc' dir='ltr'>τὴν</span> <span class='ocrx_word' id='word_1_18' title='bbox 709 313 890 366; x_wconf 78' lang='grc' dir='ltr'>ἀδελφὴν</span> <span class='ocrx_word' id='word_1_19' title='bbox 924 312 1064 364; x_wconf 82' lang='grc' dir='ltr'>ἀνάξια</span> <span class='ocrx_word' id='word_1_20' title='bbox 1094 315 1293 356; x_wconf 81' lang='grc' dir='ltr'>παθόντας</span> <span class='ocrx_word' id='word_1_21' title='bbox 1326 330 1431 366; x_wconf 90' lang='grc' dir='ltr'>περι-</span> 
     </span>
     <span class='ocr_line' id='line_1_4' title="bbox 105 379 1430 432; baseline 0 -11"><span class='ocrx_word' id='word_1_22' title='bbox 105 382 222 431; x_wconf 88' lang='grc' dir='ltr'>ίδητε,</span> <span class='ocrx_word' id='word_1_23' title='bbox 250 380 316 422; x_wconf 84' lang='grc' dir='ltr'>οὓς</span> <span class='ocrx_word' id='word_1_24' title='bbox 340 380 361 419; x_wconf 92' lang='grc' dir='ltr'>ὁ</span> <span class='ocrx_word' id='word_1_25' title='bbox 386 379 513 432; x_wconf 80' lang='grc' dir='ltr'>πατὴρ</span> <span class='ocrx_word' id='word_1_26' title='bbox 537 380 606 421; x_wconf 83' lang='grc' dir='ltr'>οὐκ</span> <span class='ocrx_word' id='word_1_27' title='bbox 632 380 696 420; x_wconf 86' lang='grc' dir='ltr'>ἐπὶ</span> <span class='ocrx_word' id='word_1_28' title='bbox 721 380 880 422; x_wconf 83' lang='grc' dir='ltr'>ταύταις</span> <span class='ocrx_word' id='word_1_29' title='bbox 903 384 988 422; x_wconf 89' lang='grc' dir='ltr'>ταῖς</span> <span class='ocrx_word' id='word_1_30' title='bbox 1016 381 1180 421; x_wconf 85' lang='grc' dir='ltr'>ἐλπίσιν</span> <span class='ocrx_word' id='word_1_31' title='bbox 1208 380 1430 427; x_wconf 86' lang='grc' dir='ltr'>κατέλιπεν,</span> 
     </span>
     <span class='ocr_line' id='line_1_5' title="bbox 102 446 1434 499; baseline 0.001 -12"><span class='ocrx_word' id='word_1_32' title='bbox 102 447 210 488; x_wconf 79' lang='grc' dir='ltr'>ἀλλὰ</span> <span class='ocrx_word' id='word_1_33' title='bbox 249 446 321 497; x_wconf 81' lang='grc' dir='ltr'>τὴν</span> <span class='ocrx_word' id='word_1_34' title='bbox 361 449 433 498; x_wconf 83' lang='grc' dir='ltr'>μὲν</span> <span class='ocrx_word' id='word_1_35' title='bbox 481 446 532 489; x_wconf 83' lang='grc' dir='ltr'>ὡς</span> <span class='ocrx_word' id='word_1_36' title='bbox 570 450 818 499; x_wconf 85' lang='grc' dir='ltr'>Δημοφῶντι</span> <span class='ocrx_word' id='word_1_37' title='bbox 858 446 1180 497; x_wconf 83' lang='grc' dir='ltr'>συνοικήσουσαν</span> <span class='ocrx_word' id='word_1_38' title='bbox 1222 447 1288 488; x_wconf 84' lang='grc' dir='ltr'>ἐπὶ</span> <span class='ocrx_word' id='word_1_39' title='bbox 1326 450 1434 488; x_wconf 83' lang='grc' dir='ltr'>δυοῖν</span> 
     </span>
    </p>
   </div>
   <div class='ocr_carea' id='block_1_3' title="bbox 1463 137 1570 194">
    <p class='ocr_par' dir='ltr' id='par_1_3' title="bbox 1463 137 1570 194">
     <span class='ocr_line' id='line_1_6' title="bbox 1463 137 1570 194; baseline 0.009 -1"><span class='ocrx_word' id='word_1_40' title='bbox 1463 137 1570 194; x_wconf 85' lang='lat'><em>[841]</em></span> 
     </span>
    </p>
   </div>
   <div class='ocr_carea' id='block_1_4' title="bbox 63 512 1584 576">
    <p class='ocr_par' dir='ltr' id='par_1_4' title="bbox 63 512 1584 576">
     <span class='ocr_line' id='line_1_7' title="bbox 63 512 1584 576; baseline -0.001 -22"><span class='ocrx_word' id='word_1_41' title='bbox 63 526 81 558; x_wconf 84' lang='lat'>5</span> <span class='ocrx_word' id='word_1_42' title='bbox 103 513 314 555; x_wconf 83' lang='grc' dir='ltr'>ταλάντοιν</span> <span class='ocrx_word' id='word_1_43' title='bbox 349 513 492 565; x_wconf 86' lang='grc' dir='ltr'>προικί,</span> <span class='ocrx_word' id='word_1_44' title='bbox 530 513 602 564; x_wconf 80' lang='grc' dir='ltr'>τὴν</span> <span class='ocrx_word' id='word_1_45' title='bbox 638 513 670 553; x_wconf 77' lang='grc' dir='ltr'>δ’</span> <span class='ocrx_word' id='word_1_46' title='bbox 708 513 768 554; x_wconf 79' lang='grc' dir='ltr'>ἐπ’</span> <span class='ocrx_word' id='word_1_47' title='bbox 804 512 1047 566; x_wconf 82' lang='grc' dir='ltr'>ὀγδοήκοντα</span> <span class='ocrx_word' id='word_1_48' title='bbox 1078 517 1193 564; x_wconf 84' lang='grc' dir='ltr'>μναῖς</span> <span class='ocrx_word' id='word_1_49' title='bbox 1227 514 1350 568; x_wconf 79' lang='grc' dir='ltr'>τούτῳ</span> <span class='ocrx_word' id='word_1_50' title='bbox 1381 518 1432 568; x_wconf 82' lang='grc' dir='ltr'>τῷ</span> <span class='ocrx_word' id='word_1_51' title='bbox 1467 520 1584 576; x_wconf 83' lang='lat'>[842]</span> 
     </span>
    </p>
   </div>
   <div class='ocr_carea' id='block_1_5' title="bbox 102 579 1437 836">
    <p class='ocr_par' dir='ltr' id='par_1_5' title="bbox 102 579 1437 836">
     <span class='ocr_line' id='line_1_8' title="bbox 104 579 1434 635; baseline 0 -14"><span class='ocrx_word' id='word_1_52' title='bbox 104 579 384 635; x_wconf 83' lang='grc' dir='ltr'>σχετλιωτάτῳ</span> <span class='ocrx_word' id='word_1_53' title='bbox 410 579 568 621; x_wconf 90' lang='grc' dir='ltr'>πάντων</span> <span class='ocrx_word' id='word_1_54' title='bbox 593 580 824 633; x_wconf 85' lang='grc' dir='ltr'>ἀνθρώπων,</span> <span class='ocrx_word' id='word_1_55' title='bbox 856 582 924 631; x_wconf 83' lang='grc' dir='ltr'>ἐμὲ</span> <span class='ocrx_word' id='word_1_56' title='bbox 955 580 987 620; x_wconf 87' lang='grc' dir='ltr'>δ’</span> <span class='ocrx_word' id='word_1_57' title='bbox 1014 582 1104 631; x_wconf 84' lang='grc' dir='ltr'>ὑμῖν</span> <span class='ocrx_word' id='word_1_58' title='bbox 1135 580 1323 634; x_wconf 83' lang='grc' dir='ltr'>διάδοχον</span> <span class='ocrx_word' id='word_1_59' title='bbox 1350 581 1434 621; x_wconf 85' lang='grc' dir='ltr'>ἀνθ’</span> 
     </span>
     <span class='ocr_line' id='line_1_9' title="bbox 103 646 1433 704; baseline 0.001 -16"><span class='ocrx_word' id='word_1_60' title='bbox 103 649 221 688; x_wconf 84' lang='grc' dir='ltr'>αὑτοῦ</span> <span class='ocrx_word' id='word_1_61' title='bbox 258 651 336 688; x_wconf 87' lang='grc' dir='ltr'>τῶν</span> <span class='ocrx_word' id='word_1_62' title='bbox 376 650 620 704; x_wconf 85' lang='grc' dir='ltr'>λῃτουργιῶν</span> <span class='ocrx_word' id='word_1_63' title='bbox 659 647 863 698; x_wconf 89' lang='grc' dir='ltr'>ἐσόμενον.</span> <span class='ocrx_word' id='word_1_64' title='bbox 952 646 1176 698; x_wconf 85' lang='grc' dir='ltr'>βοηθήσατ’</span> <span class='ocrx_word' id='word_1_65' title='bbox 1218 649 1286 688; x_wconf 74' lang='grc' dir='ltr'>οὖν</span> <span class='ocrx_word' id='word_1_66' title='bbox 1325 648 1433 698; x_wconf 84' lang='grc' dir='ltr'>ἡμῖν,</span> 
     </span>
     <span class='ocr_line' id='line_1_10' title="bbox 102 713 1437 766; baseline 0.001 -12"><span class='ocrx_word' id='word_1_67' title='bbox 102 713 347 766; x_wconf 86' lang='grc' dir='ltr'>βοηθήσατε,</span> <span class='ocrx_word' id='word_1_68' title='bbox 375 715 438 754; x_wconf 87' lang='grc' dir='ltr'>καὶ</span> <span class='ocrx_word' id='word_1_69' title='bbox 462 718 532 754; x_wconf 85' lang='grc' dir='ltr'>τοῦ</span> <span class='ocrx_word' id='word_1_70' title='bbox 557 715 705 755; x_wconf 85' lang='grc' dir='ltr'>δικαίου</span> <span class='ocrx_word' id='word_1_71' title='bbox 731 715 793 754; x_wconf 86' lang='grc' dir='ltr'>καὶ</span> <span class='ocrx_word' id='word_1_72' title='bbox 818 715 925 764; x_wconf 84' lang='grc' dir='ltr'>ὑμῶν</span> <span class='ocrx_word' id='word_1_73' title='bbox 953 714 1079 754; x_wconf 81' lang='grc' dir='ltr'>αὐτῶν</span> <span class='ocrx_word' id='word_1_74' title='bbox 1101 715 1215 755; x_wconf 85' lang='grc' dir='ltr'>ἕνεκα</span> <span class='ocrx_word' id='word_1_75' title='bbox 1241 716 1303 755; x_wconf 89' lang='grc' dir='ltr'>καὶ</span> <span class='ocrx_word' id='word_1_76' title='bbox 1328 715 1437 766; x_wconf 84' lang='grc' dir='ltr'>ἡμῶν</span> 
     </span>
     <span class='ocr_line' id='line_1_11' title="bbox 104 779 1435 836; baseline 0.001 -15"><span class='ocrx_word' id='word_1_77' title='bbox 104 781 167 822; x_wconf 89' lang='grc' dir='ltr'>καὶ</span> <span class='ocrx_word' id='word_1_78' title='bbox 203 783 270 821; x_wconf 88' lang='grc' dir='ltr'>τοῦ</span> <span class='ocrx_word' id='word_1_79' title='bbox 311 784 458 833; x_wconf 85' lang='grc' dir='ltr'>πατρὸς</span> <span class='ocrx_word' id='word_1_80' title='bbox 497 783 564 821; x_wconf 87' lang='grc' dir='ltr'>τοῦ</span> <span class='ocrx_word' id='word_1_81' title='bbox 599 781 936 831; x_wconf 82' lang='grc' dir='ltr'>τετελευτηκότος.</span> <span class='ocrx_word' id='word_1_82' title='bbox 1008 779 1179 836; x_wconf 79' lang='grc' dir='ltr'>σῴσατε,</span> <span class='ocrx_word' id='word_1_83' title='bbox 1226 781 1435 832; x_wconf 88' lang='grc' dir='ltr'>ἐλεήσατε,</span> 
     </span>
    </p>
   </div>
   <div class='ocr_carea' id='block_1_6' title="bbox 44 846 1438 901">
    <p class='ocr_par' dir='ltr' id='par_1_6' title="bbox 44 846 1438 901">
     <span class='ocr_line' id='line_1_12' title="bbox 44 846 1438 901; baseline 0.001 -12"><span class='ocrx_word' id='word_1_84' title='bbox 44 859 86 883; x_wconf 91' lang='lat'>10</span> <span class='ocrx_word' id='word_1_85' title='bbox 104 846 238 899; x_wconf 87' lang='grc' dir='ltr'>ἐπειδή</span> <span class='ocrx_word' id='word_1_86' title='bbox 267 847 308 899; x_wconf 79' lang='grc' dir='ltr'>μ’</span> <span class='ocrx_word' id='word_1_87' title='bbox 337 848 444 888; x_wconf 76' lang='grc' dir='ltr'>οὗτοι</span> <span class='ocrx_word' id='word_1_88' title='bbox 477 851 684 901; x_wconf 84' lang='grc' dir='ltr'>συγγενεῖς</span> <span class='ocrx_word' id='word_1_89' title='bbox 718 849 828 890; x_wconf 88' lang='grc' dir='ltr'>ὄντες</span> <span class='ocrx_word' id='word_1_90' title='bbox 866 848 935 888; x_wconf 84' lang='grc' dir='ltr'>οὐκ</span> <span class='ocrx_word' id='word_1_91' title='bbox 975 848 1171 899; x_wconf 88' lang='grc' dir='ltr'>ἠλέησαν.</span> <span class='ocrx_word' id='word_1_92' title='bbox 1248 850 1302 890; x_wconf 85' lang='grc' dir='ltr'>εἰς</span> <span class='ocrx_word' id='word_1_93' title='bbox 1340 850 1438 900; x_wconf 76' lang='grc' dir='ltr'>ὑμᾶς</span> 
     </span>
    </p>
   </div>
   <div class='ocr_carea' id='block_1_7' title="bbox 48 1194 86 1227">
    <p class='ocr_par' dir='ltr' id='par_1_7' title="bbox 48 1194 86 1227">
     <span class='ocr_line' id='line_1_13' title="bbox 48 1194 86 1227; baseline 0 0"><span class='ocrx_word' id='word_1_94' title='bbox 48 1194 86 1227; x_wconf 85' lang='lat'>15</span> 
     </span>
    </p>
   </div>
   <div class='ocr_carea' id='block_1_8' title="bbox 48 1530 88 1552">
    <p class='ocr_par' dir='ltr' id='par_1_8' title="bbox 48 1530 88 1552">
     <span class='ocr_line' id='line_1_14' title="bbox 48 1530 88 1552; baseline -0.025 0"><span class='ocrx_word' id='word_1_95' title='bbox 48 1530 88 1552; x_wconf 90' lang='lat'>20</span> 
     </span>
    </p>
   </div>
   <div class='ocr_carea' id='block_1_9' title="bbox 104 915 1443 2041">
    <p class='ocr_par' dir='ltr' id='par_1_9' title="bbox 104 915 1443 2041">
     <span class='ocr_line' id='line_1_15' title="bbox 106 915 1438 969; baseline 0.002 -13"><span class='ocrx_word' id='word_1_96' title='bbox 106 915 474 968; x_wconf 84' lang='grc' dir='ltr'>καταπεφεύγαμεν.</span> <span class='ocrx_word' id='word_1_97' title='bbox 548 915 719 962; x_wconf 79' lang='grc' dir='ltr'>ἱκετεύω,</span> <span class='ocrx_word' id='word_1_98' title='bbox 762 916 965 966; x_wconf 82' lang='grc' dir='ltr'>ἀντιβολῶ</span> <span class='ocrx_word' id='word_1_99' title='bbox 1005 919 1102 969; x_wconf 87' lang='grc' dir='ltr'>πρὸς</span> <span class='ocrx_word' id='word_1_100' title='bbox 1139 916 1304 963; x_wconf 86' lang='grc' dir='ltr'>παίδων,</span> <span class='ocrx_word' id='word_1_101' title='bbox 1342 915 1438 968; x_wconf 83' lang='grc' dir='ltr'>πρὸς</span> 
     </span>
     <span class='ocr_line' id='line_1_16' title="bbox 104 983 1439 1036; baseline 0.001 -13"><span class='ocrx_word' id='word_1_102' title='bbox 104 986 312 1036; x_wconf 90' lang='grc' dir='ltr'>γυναικῶν,</span> <span class='ocrx_word' id='word_1_103' title='bbox 344 985 438 1035; x_wconf 89' lang='grc' dir='ltr'>πρὸς</span> <span class='ocrx_word' id='word_1_104' title='bbox 468 985 547 1023; x_wconf 90' lang='grc' dir='ltr'>τῶν</span> <span class='ocrx_word' id='word_1_105' title='bbox 580 983 704 1023; x_wconf 86' lang='grc' dir='ltr'>ὄντων</span> <span class='ocrx_word' id='word_1_106' title='bbox 741 983 902 1035; x_wconf 87' lang='grc' dir='ltr'>ἀγαθῶν</span> <span class='ocrx_word' id='word_1_107' title='bbox 938 983 1043 1034; x_wconf 84' lang='grc' dir='ltr'>ὑμῖν.</span> <span class='ocrx_word' id='word_1_108' title='bbox 1117 984 1240 1025; x_wconf 79' lang='grc' dir='ltr'>οὕτως</span> <span class='ocrx_word' id='word_1_109' title='bbox 1276 985 1439 1024; x_wconf 83' lang='grc' dir='ltr'>ὄναισθε</span> 
     </span>
     <span class='ocr_line' id='line_1_17' title="bbox 104 1048 1440 1102; baseline 0.001 -12"><span class='ocrx_word' id='word_1_110' title='bbox 104 1049 263 1096; x_wconf 88' lang='grc' dir='ltr'>τούτων,</span> <span class='ocrx_word' id='word_1_111' title='bbox 289 1049 342 1100; x_wconf 81' lang='grc' dir='ltr'>μὴ</span> <span class='ocrx_word' id='word_1_112' title='bbox 368 1048 565 1102; x_wconf 85' lang='grc' dir='ltr'>περιίδητέ</span> <span class='ocrx_word' id='word_1_113' title='bbox 588 1066 649 1100; x_wconf 90' lang='grc' dir='ltr'>με,</span> <span class='ocrx_word' id='word_1_114' title='bbox 675 1051 775 1101; x_wconf 81' lang='grc' dir='ltr'>μηδὲ</span> <span class='ocrx_word' id='word_1_115' title='bbox 801 1048 995 1100; x_wconf 91' lang='grc' dir='ltr'>ποιήσητε</span> <span class='ocrx_word' id='word_1_116' title='bbox 1016 1049 1086 1100; x_wconf 80' lang='grc' dir='ltr'>τὴν</span> <span class='ocrx_word' id='word_1_117' title='bbox 1105 1050 1256 1102; x_wconf 89' lang='grc' dir='ltr'>μητέρα</span> <span class='ocrx_word' id='word_1_118' title='bbox 1276 1050 1338 1091; x_wconf 85' lang='grc' dir='ltr'>καὶ</span> <span class='ocrx_word' id='word_1_119' title='bbox 1361 1054 1440 1091; x_wconf 90' lang='grc' dir='ltr'>τῶν</span> 
     </span>
     <span class='ocr_line' id='line_1_18' title="bbox 105 1115 1440 1169; baseline 0.001 -12"><span class='ocrx_word' id='word_1_120' title='bbox 105 1117 322 1158; x_wconf 87' lang='grc' dir='ltr'>ἐπιλοίπων</span> <span class='ocrx_word' id='word_1_121' title='bbox 348 1117 521 1157; x_wconf 87' lang='grc' dir='ltr'>ἐλπίδων</span> <span class='ocrx_word' id='word_1_122' title='bbox 546 1117 602 1159; x_wconf 84' lang='grc' dir='ltr'>εἷς</span> <span class='ocrx_word' id='word_1_123' title='bbox 625 1115 693 1157; x_wconf 85' lang='grc' dir='ltr'>τὸν</span> <span class='ocrx_word' id='word_1_124' title='bbox 717 1117 811 1167; x_wconf 85' lang='grc' dir='ltr'>βίον</span> <span class='ocrx_word' id='word_1_125' title='bbox 840 1120 1105 1169; x_wconf 84' lang='grc' dir='ltr'>στερηθεῖσαν</span> <span class='ocrx_word' id='word_1_126' title='bbox 1136 1116 1297 1168; x_wconf 81' lang='grc' dir='ltr'>ἀνάξιον</span> <span class='ocrx_word' id='word_1_127' title='bbox 1322 1118 1440 1168; x_wconf 85' lang='grc' dir='ltr'>αὑτῆς</span> 
     </span>
     <span class='ocr_line' id='line_1_19' title="bbox 105 1181 1439 1236; baseline 0.001 -12"><span class='ocrx_word' id='word_1_128' title='bbox 105 1200 143 1224; x_wconf 93' lang='grc' dir='ltr'>τι</span> <span class='ocrx_word' id='word_1_129' title='bbox 175 1186 327 1224; x_wconf 81' lang='grc' dir='ltr'>παθεῖν·</span> <span class='ocrx_word' id='word_1_130' title='bbox 363 1181 386 1233; x_wconf 88' lang='grc' dir='ltr'>ἢ</span> <span class='ocrx_word' id='word_1_131' title='bbox 417 1186 485 1223; x_wconf 83' lang='grc' dir='ltr'>νῦν</span> <span class='ocrx_word' id='word_1_132' title='bbox 513 1185 586 1234; x_wconf 79' lang='grc' dir='ltr'>μὲν</span> <span class='ocrx_word' id='word_1_133' title='bbox 615 1184 737 1224; x_wconf 83' lang='grc' dir='ltr'>οἴεται</span> <span class='ocrx_word' id='word_1_134' title='bbox 770 1184 945 1236; x_wconf 83' lang='grc' dir='ltr'>τυχόντα</span> <span class='ocrx_word' id='word_1_135' title='bbox 979 1201 1027 1234; x_wconf 89' lang='grc' dir='ltr'>με</span> <span class='ocrx_word' id='word_1_136' title='bbox 1059 1188 1136 1224; x_wconf 92' lang='grc' dir='ltr'>τῶν</span> <span class='ocrx_word' id='word_1_137' title='bbox 1172 1184 1330 1225; x_wconf 91' lang='grc' dir='ltr'>δικαίων</span> <span class='ocrx_word' id='word_1_138' title='bbox 1350 1184 1439 1236; x_wconf 86' lang='grc' dir='ltr'>παρ’</span> 
     </span>
     <span class='ocr_line' id='line_1_20' title="bbox 105 1248 1440 1303; baseline 0.001 -12"><span class='ocrx_word' id='word_1_139' title='bbox 105 1251 196 1301; x_wconf 88' lang='grc' dir='ltr'>ὑμῖν</span> <span class='ocrx_word' id='word_1_140' title='bbox 223 1248 487 1300; x_wconf 84' lang='grc' dir='ltr'>ὑποδέξεσθαι</span> <span class='ocrx_word' id='word_1_141' title='bbox 523 1249 586 1290; x_wconf 87' lang='grc' dir='ltr'>καὶ</span> <span class='ocrx_word' id='word_1_142' title='bbox 622 1249 694 1300; x_wconf 83' lang='grc' dir='ltr'>τὴν</span> <span class='ocrx_word' id='word_1_143' title='bbox 725 1249 906 1302; x_wconf 84' lang='grc' dir='ltr'>ἀδελφὴν</span> <span class='ocrx_word' id='word_1_144' title='bbox 947 1251 1151 1291; x_wconf 85' lang='grc' dir='ltr'>ἐκδώσειν·</span> <span class='ocrx_word' id='word_1_145' title='bbox 1204 1252 1237 1291; x_wconf 85' lang='grc' dir='ltr'>εἰ</span> <span class='ocrx_word' id='word_1_146' title='bbox 1266 1250 1299 1291; x_wconf 83' lang='grc' dir='ltr'>δ’</span> <span class='ocrx_word' id='word_1_147' title='bbox 1331 1252 1440 1303; x_wconf 83' lang='grc' dir='ltr'>ὑμεῖς</span> 
     </span>
     <span class='ocr_line' id='line_1_21' title="bbox 107 1315 1441 1371; baseline 0.001 -14"><span class='ocrx_word' id='word_1_148' title='bbox 107 1316 209 1358; x_wconf 85' lang='grc' dir='ltr'>ἄλλο</span> <span class='ocrx_word' id='word_1_149' title='bbox 237 1333 276 1357; x_wconf 91' lang='grc' dir='ltr'>τι</span> <span class='ocrx_word' id='word_1_150' title='bbox 303 1316 524 1369; x_wconf 87' lang='grc' dir='ltr'>γνώσεσθε,</span> <span class='ocrx_word' id='word_1_151' title='bbox 557 1315 578 1356; x_wconf 86' lang='grc' dir='ltr'><strong>ὃ</strong></span> <span class='ocrx_word' id='word_1_152' title='bbox 613 1315 665 1368; x_wconf 80' lang='grc' dir='ltr'>μὴ</span> <span class='ocrx_word' id='word_1_153' title='bbox 695 1315 864 1369; x_wconf 86' lang='grc' dir='ltr'>γένοιτο,</span> <span class='ocrx_word' id='word_1_154' title='bbox 900 1316 973 1358; x_wconf 86' lang='grc' dir='ltr'>τίν’</span> <span class='ocrx_word' id='word_1_155' title='bbox 1004 1317 1128 1358; x_wconf 85' lang='grc' dir='ltr'>οἴεσθ’</span> <span class='ocrx_word' id='word_1_156' title='bbox 1154 1317 1275 1368; x_wconf 78' lang='grc' dir='ltr'>αὐτὴν</span> <span class='ocrx_word' id='word_1_157' title='bbox 1302 1317 1441 1371; x_wconf 77' lang='grc' dir='ltr'>ψυχὴν</span> 
     </span>
     <span class='ocr_line' id='line_1_22' title="bbox 107 1383 1438 1440; baseline 0.001 -16"><span class='ocrx_word' id='word_1_158' title='bbox 107 1383 223 1435; x_wconf 82' lang='grc' dir='ltr'>ἕξειν,</span> <span class='ocrx_word' id='word_1_159' title='bbox 249 1384 343 1424; x_wconf 87' lang='grc' dir='ltr'>ὅταν</span> <span class='ocrx_word' id='word_1_160' title='bbox 367 1384 436 1434; x_wconf 80' lang='grc' dir='ltr'>ἐμὲ</span> <span class='ocrx_word' id='word_1_161' title='bbox 458 1385 531 1434; x_wconf 82' lang='grc' dir='ltr'>μὲν</span> <span class='ocrx_word' id='word_1_162' title='bbox 555 1385 618 1440; x_wconf 82' lang='grc' dir='ltr'>ἴδῃ</span> <span class='ocrx_word' id='word_1_163' title='bbox 651 1383 702 1434; x_wconf 77' lang='grc' dir='ltr'>μὴ</span> <span class='ocrx_word' id='word_1_164' title='bbox 733 1384 856 1435; x_wconf 90' lang='grc' dir='ltr'>μόνον</span> <span class='ocrx_word' id='word_1_165' title='bbox 886 1387 964 1424; x_wconf 91' lang='grc' dir='ltr'>τῶν</span> <span class='ocrx_word' id='word_1_166' title='bbox 996 1383 1184 1439; x_wconf 78' lang='grc' dir='ltr'>πατρῴων</span> <span class='ocrx_word' id='word_1_167' title='bbox 1221 1385 1438 1437; x_wconf 88' lang='grc' dir='ltr'>ἀπεστερη-</span> 
     </span>
     <span class='ocr_line' id='line_1_23' title="bbox 106 1450 1440 1503; baseline 0 -12"><span class='ocrx_word' id='word_1_168' title='bbox 106 1450 237 1502; x_wconf 87' lang='grc' dir='ltr'>μένον,</span> <span class='ocrx_word' id='word_1_169' title='bbox 264 1451 370 1491; x_wconf 82' lang='grc' dir='ltr'>ἀλλὰ</span> <span class='ocrx_word' id='word_1_170' title='bbox 396 1451 458 1491; x_wconf 89' lang='grc' dir='ltr'>καὶ</span> <span class='ocrx_word' id='word_1_171' title='bbox 483 1454 580 1502; x_wconf 85' lang='grc' dir='ltr'>πρὸς</span> <span class='ocrx_word' id='word_1_172' title='bbox 605 1450 867 1501; x_wconf 86' lang='grc' dir='ltr'>ἠτιμωμένον,</span> <span class='ocrx_word' id='word_1_173' title='bbox 890 1451 977 1503; x_wconf 87' lang='grc' dir='ltr'>περὶ</span> <span class='ocrx_word' id='word_1_174' title='bbox 998 1453 1038 1491; x_wconf 81' lang='grc' dir='ltr'>δὲ</span> <span class='ocrx_word' id='word_1_175' title='bbox 1068 1453 1137 1501; x_wconf 86' lang='grc' dir='ltr'>τῆς</span> <span class='ocrx_word' id='word_1_176' title='bbox 1156 1452 1333 1503; x_wconf 83' lang='grc' dir='ltr'>ἀδελφῆς</span> <span class='ocrx_word' id='word_1_177' title='bbox 1351 1451 1440 1502; x_wconf 81' lang='grc' dir='ltr'>μηδ’</span> 
     </span>
     <span class='ocr_line' id='line_1_24' title="bbox 108 1517 1440 1571; baseline 0.001 -13"><span class='ocrx_word' id='word_1_178' title='bbox 108 1517 235 1558; x_wconf 82' lang='grc' dir='ltr'>ἐλπίδ’</span> <span class='ocrx_word' id='word_1_179' title='bbox 261 1518 435 1571; x_wconf 84' lang='grc' dir='ltr'>ἔχουσαν</span> <span class='ocrx_word' id='word_1_180' title='bbox 461 1517 512 1559; x_wconf 85' lang='grc' dir='ltr'>ὡς</span> <span class='ocrx_word' id='word_1_181' title='bbox 537 1517 719 1568; x_wconf 81' lang='grc' dir='ltr'>τεύξεταί</span> <span class='ocrx_word' id='word_1_182' title='bbox 740 1535 846 1559; x_wconf 89' lang='grc' dir='ltr'>τινος</span> <span class='ocrx_word' id='word_1_183' title='bbox 871 1521 950 1558; x_wconf 89' lang='grc' dir='ltr'>τῶν</span> <span class='ocrx_word' id='word_1_184' title='bbox 977 1519 1258 1570; x_wconf 88' lang='grc' dir='ltr'>προσηκόντων</span> <span class='ocrx_word' id='word_1_185' title='bbox 1283 1520 1346 1559; x_wconf 76' lang='grc' dir='ltr'>διὰ</span> <span class='ocrx_word' id='word_1_186' title='bbox 1370 1518 1440 1569; x_wconf 77' lang='grc' dir='ltr'>τὴν</span> 
     </span>
     <span class='ocr_line' id='line_1_25' title="bbox 107 1582 1440 1638; baseline 0 -13"><span class='ocrx_word' id='word_1_187' title='bbox 107 1583 302 1635; x_wconf 91' lang='grc' dir='ltr'>ἐσομένην</span> <span class='ocrx_word' id='word_1_188' title='bbox 327 1584 512 1637; x_wconf 87' lang='grc' dir='ltr'>ἆπορίαν,·</span> <span class='ocrx_word' id='word_1_189' title='bbox 551 1584 617 1624; x_wconf 85' lang='grc' dir='ltr'>οὐκ</span> <span class='ocrx_word' id='word_1_190' title='bbox 646 1583 767 1634; x_wconf 80' lang='grc' dir='ltr'>ἄξιος,</span> <span class='ocrx_word' id='word_1_191' title='bbox 795 1582 824 1624; x_wconf 70' lang='grc' dir='ltr'><em>ὦ</em></span> <span class='ocrx_word' id='word_1_192' title='bbox 859 1584 997 1636; x_wconf 84' lang='grc' dir='ltr'>ἄνδρες</span> <span class='ocrx_word' id='word_1_193' title='bbox 1028 1587 1222 1632; x_wconf 90' lang='grc' dir='ltr'>δικασταί,</span> <span class='ocrx_word' id='word_1_194' title='bbox 1258 1585 1338 1626; x_wconf 79' lang='grc' dir='ltr'>οὔτ’</span> <span class='ocrx_word' id='word_1_195' title='bbox 1363 1586 1440 1638; x_wconf 86' lang='grc' dir='ltr'>ἐγὼ</span> 
     </span>
     <span class='ocr_line' id='line_1_26' title="bbox 109 1651 1441 1706; baseline 0.001 -14"><span class='ocrx_word' id='word_1_196' title='bbox 109 1653 216 1702; x_wconf 86' lang='grc' dir='ltr'>δίκης</span> <span class='ocrx_word' id='word_1_197' title='bbox 243 1653 284 1692; x_wconf 92' lang='grc' dir='ltr'>ἐν</span> <span class='ocrx_word' id='word_1_198' title='bbox 307 1652 397 1703; x_wconf 86' lang='grc' dir='ltr'>ὑμῖν</span> <span class='ocrx_word' id='word_1_199' title='bbox 421 1651 472 1702; x_wconf 79' lang='grc' dir='ltr'>μὴ</span> <span class='ocrx_word' id='word_1_200' title='bbox 500 1656 646 1705; x_wconf 90' lang='grc' dir='ltr'>τυχεῖν,</span> <span class='ocrx_word' id='word_1_201' title='bbox 676 1651 759 1692; x_wconf 83' lang='grc' dir='ltr'>οὔθ’</span> <span class='ocrx_word' id='word_1_202' title='bbox 778 1651 892 1694; x_wconf 81' lang='grc' dir='ltr'>οὗτος</span> <span class='ocrx_word' id='word_1_203' title='bbox 913 1656 1089 1692; x_wconf 85' lang='grc' dir='ltr'>τοσαῦτα</span> <span class='ocrx_word' id='word_1_204' title='bbox 1114 1651 1281 1706; x_wconf 88' lang='grc' dir='ltr'>χρήματ’</span> <span class='ocrx_word' id='word_1_205' title='bbox 1301 1653 1441 1694; x_wconf 87' lang='grc' dir='ltr'>ἀδίκως</span> 
     </span>
     <span class='ocr_line' id='line_1_27' title="bbox 110 1718 1438 1772; baseline 0.002 -14"><span class='ocrx_word' id='word_1_206' title='bbox 110 1722 339 1772; x_wconf 91' lang='grc' dir='ltr'>κατασχεῖν.</span> <span class='ocrx_word' id='word_1_207' title='bbox 411 1719 505 1770; x_wconf 87' lang='grc' dir='ltr'>ἐμοῦ</span> <span class='ocrx_word' id='word_1_208' title='bbox 539 1721 611 1770; x_wconf 84' lang='grc' dir='ltr'>μὲν</span> <span class='ocrx_word' id='word_1_209' title='bbox 643 1721 718 1771; x_wconf 79' lang='grc' dir='ltr'>γὰρ</span> <span class='ocrx_word' id='word_1_210' title='bbox 752 1720 786 1760; x_wconf 81' lang='grc' dir='ltr'>εἰ</span> <span class='ocrx_word' id='word_1_211' title='bbox 821 1719 884 1759; x_wconf 89' lang='grc' dir='ltr'>καὶ</span> <span class='ocrx_word' id='word_1_212' title='bbox 915 1718 1031 1770; x_wconf 87' lang='grc' dir='ltr'>μήπω</span> <span class='ocrx_word' id='word_1_213' title='bbox 1069 1723 1207 1771; x_wconf 86' lang='grc' dir='ltr'>πεῖραν</span> <span class='ocrx_word' id='word_1_214' title='bbox 1235 1718 1438 1771; x_wconf 85' lang='grc' dir='ltr'>εἰλήφατε,</span> 
     </span>
     <span class='ocr_line' id='line_1_28' title="bbox 109 1784 1443 1841; baseline 0.001 -15"><span class='ocrx_word' id='word_1_215' title='bbox 109 1786 218 1827; x_wconf 90' lang='grc' dir='ltr'>ποῖός</span> <span class='ocrx_word' id='word_1_216' title='bbox 243 1802 301 1827; x_wconf 89' lang='grc' dir='ltr'>τις</span> <span class='ocrx_word' id='word_1_217' title='bbox 324 1784 372 1826; x_wconf 84' lang='grc' dir='ltr'>ἂν</span> <span class='ocrx_word' id='word_1_218' title='bbox 397 1787 451 1828; x_wconf 84' lang='grc' dir='ltr'>εἷς</span> <span class='ocrx_word' id='word_1_219' title='bbox 475 1787 574 1838; x_wconf 79' lang='grc' dir='ltr'>ὑμᾶς</span> <span class='ocrx_word' id='word_1_220' title='bbox 599 1788 695 1837; x_wconf 86' lang='grc' dir='ltr'>εἵην,</span> <span class='ocrx_word' id='word_1_221' title='bbox 726 1787 901 1836; x_wconf 78' lang='grc' dir='ltr'>ἐλπίζειν</span> <span class='ocrx_word' id='word_1_222' title='bbox 936 1785 1128 1839; x_wconf 89' lang='grc' dir='ltr'>προσήκει</span> <span class='ocrx_word' id='word_1_223' title='bbox 1152 1787 1204 1838; x_wconf 76' lang='grc' dir='ltr'>μὴ</span> <span class='ocrx_word' id='word_1_224' title='bbox 1229 1788 1350 1841; x_wconf 77' lang='grc' dir='ltr'>χείρω</span> <span class='ocrx_word' id='word_1_225' title='bbox 1375 1790 1443 1827; x_wconf 87' lang='grc' dir='ltr'>τοῦ</span> 
     </span>
     <span class='ocr_line' id='line_1_29' title="bbox 109 1851 1442 1908; baseline 0 -15"><span class='ocrx_word' id='word_1_226' title='bbox 109 1851 256 1904; x_wconf 83' lang='grc' dir='ltr'>πατρὸς</span> <span class='ocrx_word' id='word_1_227' title='bbox 284 1853 463 1893; x_wconf 85' lang='grc' dir='ltr'>ἔσεσθαι.</span> <span class='ocrx_word' id='word_1_228' title='bbox 535 1854 673 1894; x_wconf 89' lang='grc' dir='ltr'>τούτου</span> <span class='ocrx_word' id='word_1_229' title='bbox 700 1855 741 1894; x_wconf 84' lang='grc' dir='ltr'>δὲ</span> <span class='ocrx_word' id='word_1_230' title='bbox 770 1858 907 1906; x_wconf 87' lang='grc' dir='ltr'>πεῖραν</span> <span class='ocrx_word' id='word_1_231' title='bbox 939 1853 1066 1908; x_wconf 84' lang='grc' dir='ltr'>ἔχετε,</span> <span class='ocrx_word' id='word_1_232' title='bbox 1101 1853 1162 1894; x_wconf 83' lang='grc' dir='ltr'>καὶ</span> <span class='ocrx_word' id='word_1_233' title='bbox 1195 1858 1336 1906; x_wconf 86' lang='grc' dir='ltr'>σαφῶς</span> <span class='ocrx_word' id='word_1_234' title='bbox 1360 1853 1442 1894; x_wconf 81' lang='grc' dir='ltr'>ἴσθ’</span> 
     </span>
     <span class='ocr_line' id='line_1_30' title="bbox 109 1919 1442 1974; baseline 0.002 -15"><span class='ocrx_word' id='word_1_235' title='bbox 109 1920 169 1959; x_wconf 87' lang='grc' dir='ltr'>ὅτι</span> <span class='ocrx_word' id='word_1_236' title='bbox 194 1919 350 1970; x_wconf 78' lang='grc' dir='ltr'>πολλὴν</span> <span class='ocrx_word' id='word_1_237' title='bbox 375 1919 515 1961; x_wconf 84' lang='grc' dir='ltr'>οὐσίαν</span> <span class='ocrx_word' id='word_1_238' title='bbox 541 1921 788 1973; x_wconf 83' lang='grc' dir='ltr'>παραλαβὼν</span> <span class='ocrx_word' id='word_1_239' title='bbox 813 1921 856 1961; x_wconf 85' lang='grc' dir='ltr'>οὐ</span> <span class='ocrx_word' id='word_1_240' title='bbox 881 1921 1003 1972; x_wconf 88' lang='grc' dir='ltr'>μόνον</span> <span class='ocrx_word' id='word_1_241' title='bbox 1042 1921 1154 1961; x_wconf 79' lang='grc' dir='ltr'>οὐδὲν</span> <span class='ocrx_word' id='word_1_242' title='bbox 1178 1922 1442 1974; x_wconf 88' lang='grc' dir='ltr'>πεφιλοτίμη-</span> 
     </span>
     <span class='ocr_line' id='line_1_31' title="bbox 109 1986 1443 2041; baseline 0.002 -16"><span class='ocrx_word' id='word_1_243' title='bbox 109 2003 173 2026; x_wconf 93' lang='grc' dir='ltr'>ται</span> <span class='ocrx_word' id='word_1_244' title='bbox 196 1986 292 2038; x_wconf 87' lang='grc' dir='ltr'>πρὸς</span> <span class='ocrx_word' id='word_1_245' title='bbox 316 1987 426 2038; x_wconf 79' lang='grc' dir='ltr'>ὑμᾶς,</span> <span class='ocrx_word' id='word_1_246' title='bbox 454 1988 560 2028; x_wconf 80' lang='grc' dir='ltr'>ἀλλὰ</span> <span class='ocrx_word' id='word_1_247' title='bbox 587 1988 649 2028; x_wconf 86' lang='grc' dir='ltr'>καὶ</span> <span class='ocrx_word' id='word_1_248' title='bbox 673 1987 878 2040; x_wconf 82' lang='grc' dir='ltr'>τάλλότρι’</span> <span class='ocrx_word' id='word_1_249' title='bbox 899 1989 1133 2041; x_wconf 90' lang='grc' dir='ltr'>ἀποστερῶν</span> <span class='ocrx_word' id='word_1_250' title='bbox 1158 1988 1443 2029; x_wconf 80' lang='grc' dir='ltr'>ἀποδέδεικται.</span> 
     </span>
    </p>
   </div>
   <div class='ocr_carea' id='block_1_10' title="bbox 110 2053 1444 2418">
    <p class='ocr_par' dir='ltr' id='par_1_10' title="bbox 110 2053 1442 2112">
     <span class='ocr_line' id='line_1_32' title="bbox 110 2053 1442 2112; baseline 0.002 -19"><span class='ocrx_word' id='word_1_251' title='bbox 110 2053 215 2093; x_wconf 81' lang='grc' dir='ltr'>ταῦτ’</span> <span class='ocrx_word' id='word_1_252' title='bbox 240 2053 308 2094; x_wconf 78' lang='grc' dir='ltr'>οὖν</span> <span class='ocrx_word' id='word_1_253' title='bbox 332 2057 572 2096; x_wconf 83' lang='grc' dir='ltr'>σκοποῦντες</span> <span class='ocrx_word' id='word_1_254' title='bbox 598 2054 661 2095; x_wconf 88' lang='grc' dir='ltr'>καὶ</span> <span class='ocrx_word' id='word_1_255' title='bbox 685 2054 815 2095; x_wconf 85' lang='grc' dir='ltr'>τᾶλλα</span> <span class='ocrx_word' id='word_1_256' title='bbox 833 2055 1087 2107; x_wconf 90' lang='grc' dir='ltr'>μνησθέντες,</span> <span class='ocrx_word' id='word_1_257' title='bbox 1114 2054 1140 2112; x_wconf 76' lang='grc' dir='ltr'><em>ᾗ</em></span> <span class='ocrx_word' id='word_1_258' title='bbox 1168 2056 1319 2096; x_wconf 91' lang='grc' dir='ltr'>δίκαιόν</span> <span class='ocrx_word' id='word_1_259' title='bbox 1343 2057 1442 2102; x_wconf 87' lang='grc' dir='ltr'>ἐστι,</span> 
     </span>
    </p>

    <p class='ocr_par' dir='ltr' id='par_1_11' title="bbox 111 2158 1444 2418">
     <span class='ocr_line' id='line_1_33' title="bbox 156 2158 1444 2201; baseline 0.002 -12"><span class='ocrx_word' id='word_1_260' title='bbox 156 2167 170 2188; x_wconf 89' lang='lat'>1</span> <span class='ocrx_word' id='word_1_261' title='bbox 194 2159 238 2197; x_wconf 78' lang='grc' dir='ltr'>μὴ</span> <span class='ocrx_word' id='word_1_262' title='bbox 257 2158 396 2199; x_wconf 72' lang='grc' dir='ltr'>’γένησθε</span> <span class='ocrx_word' id='word_1_263' title='bbox 412 2158 443 2189; x_wconf 92' lang='grc' dir='ltr'>Α</span> <span class='ocrx_word' id='word_1_264' title='bbox 549 2161 643 2191; x_wconf 77' lang='grc' dir='ltr'>αἴτιοι</span> <span class='ocrx_word' id='word_1_265' title='bbox 659 2158 824 2191; x_wconf 71' lang='grc' dir='ltr'>τοσούτων</span> <span class='ocrx_word' id='word_1_266' title='bbox 840 2158 871 2189; x_wconf 90' lang='grc' dir='ltr'><strong>Α</strong></span> <span class='ocrx_word' id='word_1_267' title='bbox 1020 2170 1040 2199; x_wconf 87' lang='grc'>3</span> <span class='ocrx_word' id='word_1_268' title='bbox 1065 2162 1121 2193; x_wconf 83' lang='grc' dir='ltr'>οὐκ</span> <span class='ocrx_word' id='word_1_269' title='bbox 1141 2171 1204 2192; x_wconf 90' lang='lat' dir='ltr'>om.</span> <span class='ocrx_word' id='word_1_270' title='bbox 1227 2160 1265 2192; x_wconf 75' lang='lat' dir='ltr'>Sl</span> <span class='ocrx_word' id='word_1_271' title='bbox 1423 2173 1444 2201; x_wconf 88' lang='lat'><strong>9</strong></span> 
     </span>
     <span class='ocr_line' id='line_1_34' title="bbox 111 2200 1442 2243; baseline 0.001 -10"><span class='ocrx_word' id='word_1_272' title='bbox 111 2200 242 2242; x_wconf 77' lang='grc' dir='ltr'>σῴσατέ</span> <span class='ocrx_word' id='word_1_273' title='bbox 257 2215 306 2242; x_wconf 89' lang='grc' dir='ltr'>με,</span> <span class='ocrx_word' id='word_1_274' title='bbox 327 2201 490 2241; x_wconf 82' lang='grc' dir='ltr'>ἐλεήσατέ</span> <span class='ocrx_word' id='word_1_275' title='bbox 504 2216 543 2241; x_wconf 83' lang='grc' dir='ltr'>με</span> <span class='ocrx_word' id='word_1_276' title='bbox 562 2203 587 2232; x_wconf 90' lang='lat' dir='ltr'>F</span> <span class='ocrx_word' id='word_1_277' title='bbox 744 2212 783 2233; x_wconf 91' lang='lat'>10</span> <span class='ocrx_word' id='word_1_278' title='bbox 806 2217 845 2241; x_wconf 83' lang='grc' dir='ltr'>με</span> <span class='ocrx_word' id='word_1_279' title='bbox 865 2214 928 2234; x_wconf 91' lang='lat' dir='ltr'>orn.</span> <span class='ocrx_word' id='word_1_280' title='bbox 949 2203 1055 2243; x_wconf 89' lang='lat' dir='ltr'><strong>vulg.:</strong></span> <span class='ocrx_word' id='word_1_281' title='bbox 1082 2205 1157 2235; x_wconf 86' lang='lat' dir='ltr'>add.</span> <span class='ocrx_word' id='word_1_282' title='bbox 1180 2204 1244 2235; x_wconf 89' lang='lat' dir='ltr'>SA</span> <span class='ocrx_word' id='word_1_283' title='bbox 1405 2214 1442 2234; x_wconf 91' lang='lat'>12</span> 
     </span>
     <span class='ocr_line' id='line_1_35' title="bbox 111 2245 1444 2289; baseline 0.002 -12"><span class='ocrx_word' id='word_1_284' title='bbox 111 2246 237 2285; x_wconf 74' lang='grc' dir='ltr'>ἀγαθῶν</span> <span class='ocrx_word' id='word_1_285' title='bbox 255 2250 333 2276; x_wconf 85' lang='lat' dir='ltr'><strong>ante</strong></span> <span class='ocrx_word' id='word_1_286' title='bbox 351 2247 422 2284; x_wconf 80' lang='grc' dir='ltr'>ὑμῖν</span> <span class='ocrx_word' id='word_1_287' title='bbox 437 2245 461 2276; x_wconf 91' lang='lat' dir='ltr'>S</span> <span class='ocrx_word' id='word_1_288' title='bbox 473 2246 504 2276; x_wconf 85' lang='lat' dir='ltr'><strong>A</strong></span> <span class='ocrx_word' id='word_1_289' title='bbox 517 2246 541 2276; x_wconf 82' lang='lat' dir='ltr'>F</span> <span class='ocrx_word' id='word_1_290' title='bbox 553 2257 559 2277; x_wconf 81' lang='lat' dir='ltr'>z</span> <span class='ocrx_word' id='word_1_291' title='bbox 585 2250 661 2285; x_wconf 87' lang='lat' dir='ltr'>post</span> <span class='ocrx_word' id='word_1_292' title='bbox 678 2248 750 2285; x_wconf 81' lang='grc' dir='ltr'>ὑμῖν</span> <span class='ocrx_word' id='word_1_293' title='bbox 766 2246 905 2278; x_wconf 87' lang='lat' dir='ltr'>Aristid.</span> <span class='ocrx_word' id='word_1_294' title='bbox 924 2258 955 2287; x_wconf 90' lang='lat' dir='ltr'>p.</span> <span class='ocrx_word' id='word_1_295' title='bbox 976 2257 1039 2286; x_wconf 86' lang='lat'>403</span> <span class='ocrx_word' id='word_1_296' title='bbox 1054 2248 1101 2278; x_wconf 94' lang='lat' dir='ltr'>W</span> <span class='ocrx_word' id='word_1_297' title='bbox 1235 2258 1271 2288; x_wconf 86' lang='lat'>15</span> <span class='ocrx_word' id='word_1_298' title='bbox 1298 2248 1444 2289; x_wconf 77' lang='grc' dir='ltr'>τυχόντα</span> 
     </span>
     <span class='ocr_line' id='line_1_36' title="bbox 113 2287 1443 2332; baseline 0.003 -14"><span class='ocrx_word' id='word_1_299' title='bbox 113 2298 179 2319; x_wconf 92' lang='lat' dir='ltr'>om.</span> <span class='ocrx_word' id='word_1_300' title='bbox 197 2287 236 2319; x_wconf 94' lang='grc'>51</span> <span class='ocrx_word' id='word_1_301' title='bbox 356 2290 395 2320; x_wconf 92' lang='lat'>16</span> <span class='ocrx_word' id='word_1_302' title='bbox 419 2289 622 2331; x_wconf 80' lang='grc' dir='ltr'>ὑποδέξεσθαι</span> <span class='ocrx_word' id='word_1_303' title='bbox 640 2289 824 2320; x_wconf 83' lang='lat' dir='ltr'>Schaefer:</span> <span class='ocrx_word' id='word_1_304' title='bbox 851 2291 1059 2332; x_wconf 81' lang='grc' dir='ltr'>ὑποδέξασθαι</span> <span class='ocrx_word' id='word_1_305' title='bbox 1076 2292 1172 2322; x_wconf 90' lang='lat' dir='ltr'>codd.</span> <span class='ocrx_word' id='word_1_306' title='bbox 1298 2303 1335 2332; x_wconf 89' lang='lat'>17</span> <span class='ocrx_word' id='word_1_307' title='bbox 1362 2293 1443 2324; x_wconf 80' lang='grc' dir='ltr'>ἄλλο</span> 
     </span>
     <span class='ocr_line' id='line_1_37' title="bbox 112 2331 1442 2376; baseline 0.004 -14"><span class='ocrx_word' id='word_1_308' title='bbox 112 2341 178 2364; x_wconf 89' lang='lat' dir='ltr'>om.</span> <span class='ocrx_word' id='word_1_309' title='bbox 198 2331 248 2371; x_wconf 87' lang='grc'>51,</span> <span class='ocrx_word' id='word_1_310' title='bbox 265 2332 340 2364; x_wconf 91' lang='lat' dir='ltr'>add.</span> <span class='ocrx_word' id='word_1_311' title='bbox 360 2343 403 2365; x_wconf 91' lang='lat' dir='ltr'>m.</span> <span class='ocrx_word' id='word_1_312' title='bbox 423 2338 491 2364; x_wconf 91' lang='lat' dir='ltr'><strong>ant.</strong></span> <span class='ocrx_word' id='word_1_313' title='bbox 608 2333 646 2363; x_wconf 91' lang='lat'>18</span> <span class='ocrx_word' id='word_1_314' title='bbox 671 2334 754 2373; x_wconf 82' lang='grc' dir='ltr'>ἕξειν</span> <span class='ocrx_word' id='word_1_315' title='bbox 769 2333 801 2363; x_wconf 92' lang='lat' dir='ltr'>in</span> <span class='ocrx_word' id='word_1_316' title='bbox 820 2343 884 2365; x_wconf 86' lang='lat' dir='ltr'>ras.</span> <span class='ocrx_word' id='word_1_317' title='bbox 909 2333 952 2364; x_wconf 92' lang='lat' dir='ltr'>S:</span> <span class='ocrx_word' id='word_1_318' title='bbox 981 2335 1070 2375; x_wconf 82' lang='grc' dir='ltr'>ἔχειν</span> <span class='ocrx_word' id='word_1_319' title='bbox 1087 2334 1126 2365; x_wconf 87' lang='grc'>51</span> <span class='ocrx_word' id='word_1_320' title='bbox 1144 2340 1178 2366; x_wconf 90' lang='lat' dir='ltr'>ut</span> <span class='ocrx_word' id='word_1_321' title='bbox 1195 2335 1260 2366; x_wconf 93' lang='lat' dir='ltr'>vid.</span> <span class='ocrx_word' id='word_1_322' title='bbox 1377 2337 1442 2376; x_wconf 81' lang='grc' dir='ltr'>εἵδῃ</span> 
     </span>
     <span class='ocr_line' id='line_1_38' title="bbox 112 2374 1442 2418; baseline 0.002 -13"><span class='ocrx_word' id='word_1_323' title='bbox 112 2374 144 2405; x_wconf 91' lang='grc' dir='ltr'>Α</span> <span class='ocrx_word' id='word_1_324' title='bbox 266 2386 305 2416; x_wconf 91' lang='lat'>19</span> <span class='ocrx_word' id='word_1_325' title='bbox 327 2377 403 2417; x_wconf 80' lang='grc' dir='ltr'>πρὸς</span> <span class='ocrx_word' id='word_1_326' title='bbox 420 2376 619 2415; x_wconf 84' lang='grc' dir='ltr'>ἠτιμωμένον</span> <span class='ocrx_word' id='word_1_327' title='bbox 638 2375 739 2408; x_wconf 80' lang='lat' dir='ltr'><strong>Dind.</strong></span> <span class='ocrx_word' id='word_1_328' title='bbox 757 2388 765 2407; x_wconf 90' lang='lat'>:</span> <span class='ocrx_word' id='word_1_329' title='bbox 789 2378 1073 2418; x_wconf 84' lang='grc' dir='ltr'>προσητιμωμένον</span> <span class='ocrx_word' id='word_1_330' title='bbox 1101 2378 1278 2417; x_wconf 79' lang='lat' dir='ltr'>legebatur</span> <span class='ocrx_word' id='word_1_331' title='bbox 1402 2387 1442 2417; x_wconf 84' lang='lat'>25</span> 
     </span>
    </p>
   </div>
   <div class='ocr_carea' id='block_1_11' title="bbox 114 2418 1142 2459">
    <p class='ocr_par' dir='ltr' id='par_1_12' title="bbox 114 2418 1142 2459">
     <span class='ocr_line' id='line_1_39' title="bbox 114 2418 1142 2459; baseline 0.001 -9"><span class='ocrx_word' id='word_1_332' title='bbox 114 2418 181 2459; x_wconf 75' lang='grc' dir='ltr'>καὶ]</span> <span class='ocrx_word' id='word_1_333' title='bbox 199 2420 283 2452; x_wconf 76' lang='grc' dir='ltr'>ὥστε</span> <span class='ocrx_word' id='word_1_334' title='bbox 303 2419 327 2450; x_wconf 83' lang='lat' dir='ltr'>F</span> <span class='ocrx_word' id='word_1_335' title='bbox 459 2430 498 2458; x_wconf 87' lang='lat'>27</span> <span class='ocrx_word' id='word_1_336' title='bbox 525 2419 747 2452; x_wconf 83' lang='grc' dir='ltr'>ἀποδέδεικται</span> <span class='ocrx_word' id='word_1_337' title='bbox 765 2420 788 2451; x_wconf 86' lang='lat' dir='ltr'>S</span> <span class='ocrx_word' id='word_1_338' title='bbox 804 2431 812 2451; x_wconf 72' lang='lat'><em>2</em></span> <span class='ocrx_word' id='word_1_339' title='bbox 838 2421 1050 2453; x_wconf 82' lang='grc' dir='ltr'>ἐπιδέδεικται</span> <span class='ocrx_word' id='word_1_340' title='bbox 1067 2426 1142 2452; x_wconf 87' lang='lat' dir='ltr'>cett.</span> 
     </span>
    </p>
   </div>
   <div class='ocr_carea' id='block_1_12' title="bbox 1468 667 1515 692">
    <p class='ocr_par' dir='ltr' id='par_1_13' title="bbox 1468 667 1515 692">
     <span class='ocr_line' id='line_1_40' title="bbox 1468 667 1515 692; baseline -0.043 0"><span class='ocrx_word' id='word_1_341' title='bbox 1468 667 1515 692; x_wconf 84' lang='lat'>20</span> 
     </span>
    </p>
   </div>
   <div class='ocr_carea' id='block_1_13' title="bbox 1471 1199 1512 1225">
    <p class='ocr_par' dir='ltr' id='par_1_14' title="bbox 1471 1199 1512 1225">
     <span class='ocr_line' id='line_1_41' title="bbox 1471 1199 1512 1225; baseline 0.024 -1"><span class='ocrx_word' id='word_1_342' title='bbox 1471 1199 1512 1225; x_wconf 89' lang='lat'>21</span> 
     </span>
    </p>
   </div>
   <div class='ocr_carea' id='block_1_14' title="bbox 1475 1602 1517 1626">
    <p class='ocr_par' dir='ltr' id='par_1_15' title="bbox 1475 1602 1517 1626">
     <span class='ocr_line' id='line_1_42' title="bbox 1475 1602 1517 1626; baseline 0 0"><span class='ocrx_word' id='word_1_343' title='bbox 1475 1602 1517 1626; x_wconf 89' lang='lat'>22</span> 
     </span>
    </p>
   </div>
   <div class='ocr_carea' id='block_1_15' title="bbox 1478 2068 1520 2103">
    <p class='ocr_par' dir='ltr' id='par_1_16' title="bbox 1478 2068 1520 2103">
     <span class='ocr_line' id='line_1_43' title="bbox 1478 2068 1520 2103; baseline 0 0"><span class='ocrx_word' id='word_1_344' title='bbox 1478 2068 1520 2103; x_wconf 88' lang='lat'>23</span> 
     </span>
    </p>
   </div>
  </div>
 </body>
</html>
