1685 2772
112 157 247 212 xxxn]
476 161 635 200 ΠΡΟΣ
686 161 1076 200 ΖΗΝΟΘΕΜΙΝ

109 266 292 317 ἀργύριον.
349 267 392 303 οὐ
430 266 503 317 γὰρ
539 265 721 314 βούλεται
758 263 877 302 δοκεῖν
910 264 1047 313 ῥήματι
1079 266 1146 302 τοῦ
1178 264 1293 314 νόμου
1330 265 1444 314 μόνον

228 320 239 333 Ι

111 319 368 371 ἷσχυριζεσθαι
389 321 481 358 κατὰ
504 319 547 357 τὸ
573 318 714 371 πρᾶγμ’
734 318 879 363 ἀδικῶν,
909 320 1013 356 ἀλλὰ
1037 318 1220 357 δείκνυσιν
1246 321 1293 359 ὡς
1319 319 1447 369 θαρρεῖ

108 377 176 425 μὲν
209 375 269 412 καὶ
301 378 349 425 τῇ
382 373 512 424 εὐθείᾳ,
547 377 586 412 ἐκ
619 373 833 423 περιουσίας
867 371 896 411 δ’
928 375 1025 424 αὐτῷ
1055 374 1115 412 καὶ
1143 374 1396 426 παραγραφὴν
1425 376 1444 413 ὃ

109 429 220 479 νόμος
240 428 380 467 δίδωσι.

72 587 88 617 5
169 575 337 625 Ἀνδρες
360 574 557 620 δικασταί,
585 573 788 626 βούλομαι
803 573 1183 627 παραγεγραμμένος
1197 574 1250 626 μὴ
1272 576 1440 628 εἰσαγώ-

111 660 227 695 γιμον
253 642 350 683 εἶναι
375 641 446 692 τὴν
471 642 595 692 δίκην,
622 641 711 694 περὶ
744 645 821 682 τῶν
854 642 982 692 νόμων
1008 645 1165 693 πρῶτον
1191 643 1328 689 εἰπεῖν,
1356 643 1440 683 καθ’

109 710 176 752 οὓς
211 708 541 762 παρεγραψάμην.
614 711 650 749 οἱ
686 709 800 759 νόμοι
839 708 1084 757 κελεύουσιν,
1110 707 1139 749 ὦ
1170 708 1306 761 ἄνδρες
1335 712 1441 750 δικα-

110 778 214 824 σταί,
236 778 305 819 τὰς
330 777 438 818 δίκας
464 775 564 816 εἶναι
589 779 671 817 τοῖς
697 774 932 827 ναυκλήροις
959 776 1021 816 καὶ
1047 779 1127 816 τοῖς
1155 777 1339 829 ἐμπόροις
1364 781 1443 818 τῶν

109 843 301 894 Ἀθήναζε
338 844 400 884 καὶ
436 846 514 883 τῶν
539 841 759 893 Ἀθήνηθεν
791 845 1068 894 συμβολαίων,
1097 844 1159 884 καὶ
1195 845 1283 896 περὶ
1315 845 1369 884 ὧν
1394 843 1442 885 ἂν

52 925 91 947 10
110 908 186 951 ὦσι
205 911 451 963 συγγραφαί·
489 910 537 950 ἂν
557 909 600 950 δέ
616 927 674 952 τις
691 911 798 962 παρὰ
818 912 940 950 ταῦτα
957 910 1168 960 δικάζηται,
1190 910 1242 962 μὴ
1271 911 1439 963 εἰσαγώ-

109 994 226 1031 γιμον
253 977 352 1018 εἶναι
376 977 446 1027 τὴν
466 977 588 1027 δίκην.
666 978 805 1032 τουτῳὶ
831 978 964 1018 τοίνυν
989 976 1227 1028 Ζηνοθέμιδι
1251 981 1347 1029 πρὸς
1371 980 1443 1029 μὲν

112 1046 180 1096 ἐμὲ
204 1045 266 1085 ὅτι
291 1044 403 1085 οὐδὲν
428 1043 475 1094 ἦν
509 1044 762 1095 συμβόλαιον
800 1044 889 1085 οὐδὲ
920 1043 1147 1096 συγγραφή,
1177 1044 1314 1087 καύτὸς
1347 1045 1440 1096 ὁμο-

110 1115 229 1164 λογεῖ
251 1113 292 1152 ἐν
316 1115 368 1166 τῷ
386 1109 617 1163 ἐγκλήματι·
655 1114 834 1151 δανεῖσαι
859 1110 901 1151 δέ
927 1116 1054 1163 φησιν
1069 1110 1329 1167 “Ηγεστράτῳ
1351 1129 1439 1153 ναυ-

113 1177 256 1233 κλήρῳ,
278 1178 415 1218 τούτου
441 1177 474 1217 δ’
501 1177 753 1229 ἀπολομένου
777 1179 820 1218 ἐν
843 1181 896 1232 τῷ
922 1177 1102 1230 πελάγει,
1115 1178 1215 1229 ἡμᾶς
1234 1178 1277 1219 τὸ
1296 1183 1443 1220 ναῦλον

51 1261 88 1293 15
112 1247 447 1298 σφετερίσασθαι·
483 1245 590 1286 τουτὶ
614 1244 657 1285 τὸ
695 1244 859 1297 ἔγκλημ’
897 1245 1020 1285 ἐστίν.
1093 1247 1135 1285 ἐκ
1161 1245 1206 1295 δὴ
1231 1250 1300 1286 τοῦ
1325 1246 1444 1287 αὐτοῦ

109 1312 233 1365 λόγου
258 1311 329 1363 τήν
353 1329 397 1353 τε
421 1313 530 1362 δίκην
555 1311 623 1352 οὐκ
661 1312 931 1364 εἰσαγώγιμον
955 1311 1080 1353 οὖσαν
1103 1312 1348 1363 μαθήσεσθε,
1380 1313 1442 1353 καὶ

109 1379 181 1430 τὴν
219 1380 317 1429 ὅλην
357 1378 578 1430 ἐπιβουλὴν
616 1378 679 1419 καὶ
715 1380 907 1431 πονηρίαν
943 1380 1096 1420 τουτουὶ
1131 1383 1200 1419 τοῦ
1235 1381 1441 1432 ἀνθρώπου

109 1448 279 1499 ὄψεσθε.
339 1445 476 1497 δέομαι
501 1445 533 1486 δ’
559 1446 667 1497 ὑμῶν
692 1445 862 1492 πάντων,
891 1443 920 1485 ὦ
946 1445 1084 1499 ἄνδρες
1108 1449 1305 1494 δικασταί,
1334 1449 1441 1499 εἴπερ

109 1513 221 1568 ἄλλῳ
246 1514 322 1554 τινὶ
342 1513 501 1554 πώποτε
525 1512 725 1565 πράγματι
744 1512 814 1553 τὸν
842 1516 934 1553 νοῦν
952 1516 1214 1566 προσέσχετε,
1235 1514 1297 1554 καὶ
1323 1514 1445 1569 τούτῳ

51 1597 90 1618 20
109 1580 340 1635 προσέχειν·
378 1580 602 1621 ἀκούσεσθε
626 1582 702 1632 γὰρ
738 1580 945 1631 ἀνθρώπου
979 1581 1132 1631 τόλμαν
1159 1581 1221 1620 καὶ
1250 1582 1442 1633 πονηρίαν

110 1647 155 1688 οὗ
179 1648 251 1698 τὴν
275 1651 490 1701 τυχοῦσαν,
510 1647 632 1699 ἄνπερ
652 1647 730 1700 ἐγὼ
758 1648 806 1686 τὰ
832 1646 1075 1699 πεπραγμέν’
1094 1648 1196 1701 αὐτῷ
1222 1647 1318 1699 πρὸς
1343 1649 1441 1699 ὑμᾶς

109 1714 305 1758 πολλάκις
331 1716 456 1756 εἰπεῖν
482 1717 645 1765 δυνηθῶ.
708 1715 816 1766 οἶμαι
841 1713 894 1754 δέ.

178 1783 396 1834 Ζηνόθεμις
436 1785 510 1836 γὰρ
551 1784 701 1829 οὑτοσί,
745 1781 798 1822 ὢν
833 1780 1029 1833 ὑπηρέτης
1061 1780 1338 1833 Ἱ-Ιγεστράτου
1374 1784 1441 1822 τοῦ

110 1849 342 1903 ναυκλήρου,
371 1850 416 1890 ὃν
453 1851 516 1891 καὶ
550 1850 665 1892 αὐτὸς
700 1852 878 1904 ἔγραψεν
915 1849 956 1888 ἐν
986 1851 1039 1902 τῷ
1075 1847 1293 1900 ἐγκλήματι
1322 1848 1372 1890 ὡς
1400 1850 1442 1889 ἐν

50 1930 88 1962 25
109 1921 163 1972 τῷ
192 1917 361 1970 πελάγει
394 1918 575 1959 ἀπώλετο
609 1916 705 1968 (πῶς
738 1917 792 1964 δέ,
825 1917 869 1957 οὐ
905 1915 1207 1968 προσέγραψεν,
1243 1915 1335 1956 ἀλλ’
1364 1916 1442 1968 ἐγὼ

110 1983 282 2036 φράσω),
323 1986 493 2036 ἀδίκημα
539 1985 732 2026 τοιουτονὶ
779 1984 862 2036 μετ’
915 1984 1064 2024 ἐκείνου
1104 1982 1439 2023 συνεσκευάσατο.

110 2050 276 2105 χρήματ’
317 2053 359 2092 ἐν
398 2055 482 2093 ταῖς
524 2052 794 2103 Συρακούσαις
839 2051 1048 2101 ἐδανείζεθ’
1092 2050 1203 2091 οὗτος
1251 2050 1441 2092 κάκεῖνος.

154 2171 174 2191 2
197 2160 337 2193 δείκνυσι
353 2159 413 2199 μὲν
429 2162 469 2193 ὡς
487 2163 594 2201 θαρρεῖ
608 2160 633 2190 F
645 2160 674 2190 D
691 2172 697 2190 :
722 2170 809 2191 corr.
832 2160 960 2191 Reiske
1095 2171 1115 2199 3
1140 2163 1224 2202 αὐτῷ
1244 2161 1273 2191 D
1290 2160 1417 2200 (Wolf)
1434 2172 1440 2191 τ

111 2205 215 2236 αὐτῶν
233 2203 258 2234 F
364 2213 398 2233 11
425 2204 529 2244 τούτῳ
546 2204 663 2235 codd.:
697 2214 780 2236 corr.
802 2203 898 2235 Blass
1013 2214 1050 2244 13
1076 2202 1162 2247 (τῷ)
1181 2205 1349 2246 ναυκλήρῳ
1366 2211 1442 2244 post

114 2247 292 2278 Reiskium
311 2247 425 2277 Naber
570 2255 607 2285 15
631 2248 681 2279 καὶ
699 2249 787 2279 τουτὶ
805 2248 836 2277 Α
936 2249 973 2286 δὴ
992 2247 1015 2278 S
1028 2249 1057 2278 A
1073 2259 1080 2278 :
1105 2248 1139 2280 δὲ
1156 2249 1243 2287 vulg.
1403 2249 1441 2278 18

112 2292 196 2330 ὑμῶν
212 2290 340 2322 πάντων
359 2291 381 2321 S
398 2302 404 2321 ε
429 2291 557 2322 πάντων
575 2292 659 2329 ὑμῶν
678 2290 708 2320 Α
729 2301 736 2320 :
760 2293 845 2330 ὑμῶν
862 2290 1010 2323 ἁπάντων
1033 2291 1122 2330 vulg.
1282 2302 1320 2332 19
1344 2303 1439 2333 προσ-

114 2334 233 2374 έσχετε
261 2334 386 2364 Reiske
406 2345 413 2364 z
437 2333 618 2376 προσέχετε
637 2334 734 2364 codd.
881 2345 924 2364 20
947 2335 1122 2375 προσέχειν
1139 2335 1240 2375 vulg„
1262 2335 1301 2366 cf.
1322 2335 1367 2365 xli
1386 2346 1438 2373 20,

112 2377 204 2407 xlviii
221 2378 273 2416 36,
294 2377 377 2409 Isae.
401 2377 456 2407 viii
475 2388 514 2415 4:
541 2380 696 2416 προσχεῖν
716 2377 738 2407 S
752 2377 801 2415 Q:
827 2380 1010 2418 προσσχεῖν
1027 2378 1102 2408 edd.
1124 2378 1220 2409 Turr.
1400 2388 1440 2417 27

114 2420 312 2460 ἐδανείζοντο
329 2420 360 2450 Α
493 2421 602 2451 οὑτοσὶ
622 2419 653 2449 Α

1275 2490 1313 2520 5*

1477 149 1587 206 [881]

1473 317 1594 375 [882]

1474 1464 1493 1497 3

1472 1648 1592 1703 [883]

1472 1793 1494 1827 4
