1685 2772
79 100 203 155 [958]

158 302 202 337 47

75 557 199 612 [959]

152 1569 198 1603 49

153 1970 197 2005 50

657 113 1151 151 ΔΗΜΟΣΘΕΝΟΎΣ
1251 117 1255 119 “
1419 107 1568 163 [xxxw

235 222 259 261 ἃ
286 219 478 273 προσήκει
503 237 568 260 σοι
594 221 685 262 τοὺς
709 220 902 273 λέγοντας
928 221 1092 275 ἐχθροὺς
1117 222 1301 272 νομίζειν,
1328 221 1435 261 ταῦτ’
1455 222 1571 265 αὐτὸς

236 292 360 329 ποιεῖς
393 287 571 340 ἀνάγκην
601 287 701 328 εἶναι
737 288 884 341 λέγειν,
921 289 984 328 καὶ
1016 289 1189 341 ὑβρίζεις
1220 290 1293 339 μὲν
1326 288 1473 329 σαυτὸν
1508 290 1570 330 καὶ

233 355 324 397 τοὺς
356 354 499 407 γονέας
531 357 758 401 τεθνεῶτας,
787 356 1093 408 προπηλακίζεις
1122 357 1164 396 δὲ
1193 355 1265 405 τὴν
1292 355 1423 402 πόλιν,
1451 356 1514 396 καὶ
1546 356 1572 397 ἃ

233 425 302 473 τῆς
327 423 491 463 τουτωνὶ
525 423 829 475 φιλανθρωπίας
863 423 1097 464 ἀπολαύσας
1127 422 1258 474 ηὕρεθ’
1288 423 1308 462 ὁ
1342 425 1413 464 σὸς
1443 422 1570 476 πατὴρ

235 491 297 530 καὶ
321 491 419 541 μετὰ
445 493 566 529 ταῦτα
591 491 778 542 Φορμίων
804 491 954 536 οὑτοσί,
982 489 1087 530 ταῦτ’
1113 489 1199 530 ἀντὶ
1224 493 1292 529 τοῦ
1317 493 1482 541 κοσμεῖν
1507 491 1570 530 καὶ

233 556 526 609 περιστέλλειν,
556 557 619 596 ἵνα
646 557 708 597 καὶ
733 560 816 599 τοῖς
846 560 981 597 δοῦσιν
1008 557 1058 597 ὡς
1089 555 1429 609 εὐσχημονέστατ’
1455 557 1568 609 ἐφαί-

232 641 323 664 νετο
360 624 422 664 καὶ
457 628 539 666 τοῖς
574 627 777 675 λαβοῦσιν
813 625 914 674 ὑμῖν,
954 623 1064 676 ἄγεις
1100 625 1155 665 εἰς
1190 623 1329 675 μέσον,
1367 624 1568 669 δεικνύεις,

233 690 429 744 ἐλέγχεις,
468 691 592 742 μόνον
633 691 701 730 οὐκ
744 691 945 740 ὀνειδίζεις
992 691 1076 731 οῖον
1119 692 1214 731 ὄντα
1257 690 1295 730 σ’
1339 689 1569 740 ἐποιήσαντ’

233 757 461 808 Ἀθηναῖον.
533 757 603 798 εἶτ’
629 760 684 799 εἰς
708 757 812 798 τοῦθ’
838 758 946 808 ἥκεις
969 758 1110 808 μανίας
1134 754 1188 806 (τί
1211 759 1285 809 γὰρ
1309 756 1358 798 ἂν
1383 757 1486 797 ἄλλο
1511 773 1570 799 τις

234 822 372 874 εἴποι,·)
409 823 504 864 ὥστ’
529 825 597 864 οὐκ
631 824 813 865 αἰσθάνει
847 826 908 865 ὅτι
939 825 1001 865 καὶ
1027 827 1095 865 νῦν
1120 824 1231 875 ἡμεῖς
1254 826 1327 875 μὲν
1353 823 1568 875 ἀξιοῦντες,

234 889 443 943 ἐπειδήπερ
464 891 678 944 ἀπηλλάγη
705 893 904 943 Φορμίων,
925 893 1048 942 μηδὲν
1067 892 1269 943 ὑπόλογον
1295 890 1396 932 εἶναι
1421 892 1458 932 εἴ
1473 908 1571 932 ποτε

233 961 302 998 τοῦ
327 961 400 997 σοῦ
424 958 570 1011 πατρὸς
596 958 769 1010 ἐγένετο,
796 960 892 1011 ὑπὲρ
920 961 993 998 σοῦ
1016 958 1202 1011 λέγομεν,
1231 958 1281 998 σὺ
1307 960 1348 998 δὲ
1381 957 1570 1009 μηδέποτ’

234 1024 280 1075 ἐξ
306 1027 396 1066 ἴσου
429 1042 495 1066 σοι
528 1025 717 1078 γενέσθαι
746 1029 884 1066 τοῦτον
910 1025 1032 1076 ἀξιῶν
1058 1028 1155 1066 κατὰ
1187 1028 1336 1066 σαυτοῦ
1363 1024 1508 1078 λέγεις·
1545 1025 1571 1066 ἃ

231 1093 307 1145 γὰρ
344 1092 392 1133 ἂν
426 1093 476 1133 σὺ
509 1094 639 1133 δίκαια
673 1097 804 1148 σαυτῷ
840 1094 937 1133 κατὰ
969 1093 1109 1133 τούτου
1142 1090 1275 1148 τάξῃς,
1310 1092 1431 1133 ταύτὰ
1461 1091 1570 1133 ταῦθ’

231 1158 318 1210 ἥξει
352 1162 449 1200 κατὰ
482 1163 555 1200 σοῦ
587 1162 692 1212 παρὰ
725 1164 802 1201 τῶν
830 1160 898 1201 τὸν
924 1160 999 1201 σὸν
1024 1158 1158 1212 πατέρ’
1186 1159 1231 1210 ἐξ
1262 1160 1385 1213 ἀρχῆς
1420 1176 1567 1210 κτησα-

231 1226 373 1279 μένων.
446 1229 553 1268 ἆλλὰ
588 1227 666 1279 μὴν
698 1228 760 1268 ὅτι
792 1229 971 1269 κάκεῖνος
1004 1227 1051 1278 ἦν
1085 1230 1214 1274 τινῶν,
1251 1226 1320 1267 εἶτ’
1352 1227 1567 1280 ἀπηλλάγη

231 1294 301 1335 τὸν
326 1294 444 1335 αὐτὸν
468 1296 614 1348 τρόπον
638 1295 758 1347 ὅνπερ
783 1295 895 1336 οὗτος
926 1294 997 1346 ἀφ’
1023 1295 1144 1345 ὑμῶν,
1171 1293 1279 1344 λαβέ
1307 1311 1374 1345 μοι
1403 1294 1569 1335 ταυτασὶ

231 1364 300 1403 τὰς
323 1363 548 1415 μαρτυρίας,
577 1362 628 1404 ὡς
653 1361 811 1414 ἐγένετο
838 1362 1008 1402 Πασίων
1033 1360 1344 1414 Ἀρχεστράτου.

782 1485 1011 1511 ΜΑΡΤΎῬΙΑῘ.

298 1553 399 1593 Εἶτα
423 1552 491 1593 τὸν
516 1550 705 1608 σῴσαντα
727 1554 800 1603 μὲν
821 1551 867 1602 ἐξ
889 1553 1014 1605 ἀρχῆς
1038 1554 1086 1592 τὰ
1110 1551 1321 1605 πράγματα
1348 1552 1409 1592 καὶ
1434 1553 1568 1593 πολλὰ

229 1619 428 1673 χρήσιμον
454 1619 573 1659 αὑτὸν
602 1619 867 1672 παρασχόντα
898 1623 951 1674 τῷ
986 1619 1102 1671 πατρὶ
1131 1623 1184 1674 τῷ
1215 1620 1366 1665 τούτου,
1393 1622 1568 1659 τοσαῦτα

230 1687 262 1727 δ’
303 1686 420 1727 αὐτὸν
458 1688 596 1726 τοῦτον
634 1685 750 1738 ἀγάθ’
792 1686 1067 1739 εἰργασμένον,
1109 1686 1173 1726 ὅσ’
1210 1687 1318 1738 ὑμεῖς
1359 1686 1565 1737 ἀκηκόατε,

229 1757 367 1794 τοῦτον
392 1755 515 1793 οἴεται
546 1755 627 1793 δεῖν
652 1754 755 1794 ἑλὼν
785 1754 1024 1805 τηλικαύτην
1049 1755 1160 1804 δίκην
1187 1755 1328 1795 ἀδίκως
1361 1755 1564 1805 ἐκβαλεῖν.

230 1821 273 1861 οὐ
308 1823 383 1873 γὰρ
414 1820 518 1860 ἄλλο
552 1819 589 1872 γ’
615 1821 725 1874 ἔχοις
759 1821 872 1861 οὐδὲν
901 1820 951 1862 ἂν
981 1823 1159 1871 ποιῆσαι.
1221 1822 1275 1863 εἰς
1307 1823 1379 1872 μὲν
1411 1822 1487 1873 γὰρ
1518 1821 1567 1860 τὰ

229 1888 310 1928 ὅντ’
337 1889 371 1928 εἰ
396 1887 563 1938 βλέπεις
589 1888 776 1940 ἀκριβῶς,
803 1887 912 1928 ταῦθ’
938 1886 1118 1940 εὑρήσεις
1143 1889 1197 1928 ὧν
1216 1887 1339 1933 ἔστιν,
1362 1887 1443 1933 ἐάν,
1469 1886 1489 1927 ὃ
1512 1885 1566 1938 μὴ

228 1954 396 2007 γένοιτο,
430 1953 734 2006 ἐξαπατηθῶσιν
768 1955 887 1995 οὗτοι.
949 1956 1041 2010 ὁρᾷς
1073 1955 1141 1995 τὸν
1174 1954 1466 2007 Ἀριστόλοχον
1498 1954 1567 1994 τὸν

276 2075 288 2094 1
315 2065 491 2106 προσήκειν
508 2064 555 2096 A:
581 2068 723 2106 προσῆκε
743 2065 840 2095 BlaSS
984 2075 1003 2102 4
1028 2063 1104 2104 τῆς]
1121 2065 1171 2096 διὰ
1187 2066 1246 2102 τῆς
1264 2063 1288 2095 S
1389 2064 1522 2095 τουτωνὶ
1541 2063 1566 2094 S

229 2109 298 2144 (me
316 2112 419 2147 teste)
435 2120 440 2139 :
468 2109 594 2141 τούτων
610 2110 699 2147 vulg.
793 2118 812 2146 5
837 2110 925 2139 τοῦτ’
938 2109 1008 2140 ἀντὶ
1028 2107 1059 2137 Α
1152 2108 1215 2146 7-8
1241 2107 1396 2147 ἐλέγχεις
1414 2106 1566 2139 δεικνύεις

230 2151 255 2181 F
268 2151 298 2191 Q
313 2151 343 2181 D
466 2163 487 2191 9
511 2151 679 2190 Ἀθηναῖον
698 2151 721 2182 S
736 2151 764 2181 D
782 2152 822 2183 al.
839 2162 845 2181 :
871 2153 1030 2189 Ἀθηναῖοι
1048 2150 1078 2180 Α
1168 2152 1206 2182 ἂν
1222 2161 1286 2181 om.
1306 2151 1337 2180 A
1452 2161 1491 2180 10
1514 2152 1565 2182 καὶ

228 2194 272 2227 S:
297 2205 362 2227 om.
382 2196 471 2231 vulg.
700 2205 734 2225 11
760 2194 861 2234 μηδὲν
880 2194 1043 2235 ὑπόλογον
1061 2194 1108 2223 D:
1137 2193 1238 2233 μηδὲν
1255 2193 1417 2234 ὑπὸλόγον
1436 2193 1576 2233 (priore.

226 2244 368 2269 accentu
386 2240 418 2269 in
438 2239 462 2270 S
474 2239 505 2269 A
524 2240 637 2279 eraso)
655 2238 744 2277 vulg.
760 2249 766 2267 :
791 2236 902 2277 μηδέν’
914 2237 1080 2278 ὑπόλογον
1094 2237 1227 2267 Dobree
1321 2247 1358 2266 12
1381 2237 1563 2278 μηδέποτε]

226 2283 349 2321 μήποτε
368 2282 434 2313 SA
584 2292 620 2321 14
642 2283 743 2313 ταύτὰ
759 2291 825 2312 om.
845 2280 877 2311 A
1035 2281 1072 2309 18
1097 2282 1137 2313 ὡς
1151 2304 1159 2312 .
1178 2304 1185 2311 .
1205 2303 1212 2310 .
1235 2280 1478 2321 Ἀρχεστράτου
1497 2280 1561 2312 del.

229 2326 401 2356 Huettner
534 2335 571 2355 21
600 2324 813 2366 παρασχόντα
829 2337 862 2364 χ.
884 2325 980 2355 αὑτὸν
998 2323 1063 2361 FQ
1075 2323 1105 2353 D
1238 2333 1280 2362 23
1305 2326 1457 2360 ἐκβαλεῖν
1475 2322 1498 2353 S
1511 2322 1543 2352 A
1558 2333 1565 2353 z

228 2370 405 2406 ἐκβάλλειν
419 2369 507 2407 vulg.
601 2379 640 2406 24
668 2367 770 2408 ἔχοις]
791 2368 860 2407 ἔχοι
879 2367 903 2396 S
995 2376 1036 2405 25
1062 2366 1198 2404 βλέποις
1217 2366 1314 2397 Blass
1393 2368 1496 2398 ταῦτα
1512 2367 1542 2397 Α
1558 2377 1566 2396 :

226 2414 306 2445 αὐτὰ
324 2414 411 2451 vulg.
504 2414 546 2441 26
572 2411 807 2452 Ἀριστόλοχον
825 2410 900 2450 SA,
921 2411 962 2440 cf.
985 2410 1041 2440 xlv
1058 2412 1099 2448 64
1118 2422 1124 2440 ε
1148 2409 1348 2452 Ἀρχίλοχον
1365 2410 1453 2449 vulg.

1592 846 1631 868 10

1594 1175 1630 1208 15

1590 1568 1630 1590 20

1589 1902 1625 1934 ²5
