1685 2772
47 94 171 150 [989]

134 530 175 564 18

45 934 172 988 [990]

134 1075 176 1110 19

132 1543 178 1568 20

626 106 1116 145 ΔΗΜΟΣΘΕΝΟΎΣ
1354 103 1537 157 [xxxvm

205 217 340 268 μηκέτ’
366 218 466 259 εἶναι
490 222 573 261 τοῖς
599 219 789 271 ὀρφανοῖς
815 220 926 269 δίκην
951 219 1041 270 περὶ
1065 222 1144 259 τῶν
1164 220 1207 259 ἐκ
1231 221 1302 270 τῆς
1326 220 1538 272 ἐπιτροπῆς

208 284 481 337 ἐγκλημάτων.
554 286 617 326 καὶ
642 287 734 337 ὑμῖν
759 286 1032 339 ἀναγνώσεται
1058 286 1126 328 τὸν
1151 287 1285 338 νόμον.

797 443 954 472 ΝΟΜΟΣ.

274 522 464 569 Ἀκούετ’,
487 521 515 563 ὦ
537 523 675 576 ἄνδρες
701 524 897 569 δικασταί,
918 527 986 563 τοῦ
1005 523 1126 574 νόμου
1141 522 1330 575 λέγοντος
1347 522 1537 575 ἄντικρυς,

207 591 275 630 ἐὰν
300 590 352 641 μὴ
387 589 497 631 πέντ’
524 591 622 631 ἐτῶν
649 590 904 636 δικάσωνται,
931 589 1064 641 μηκέτ’
1092 590 1192 631 εἶναι
1222 592 1343 641 δίκην.
1401 590 1540 630 οὐκοῦν
1560 610 1577 642 5

205 656 418 710 ἐλάχομεν,
460 661 579 709 φαῖεν
609 657 670 698 ἄν.
745 659 806 698 καὶ
837 656 1080 698 διελύσασθέ
1115 675 1172 709 γε,
1209 657 1302 697 ὥστ’
1332 658 1400 698 οὐκ
1438 657 1540 697 εἰσὶν

207 724 315 766 αὖθις
339 724 431 775 ὑμῖν
458 726 573 765 δίκαι.
644 721 668 775 ἢ
697 725 826 765 δεινόν
852 723 888 776 γ’
913 724 962 764 ἂν
988 726 1059 774 εἴη,
1089 726 1122 764 εἰ
1146 729 1225 765 τῶν
1248 726 1321 776 μὲν
1347 723 1394 775 ἐξ
1416 725 1540 777 ἀρχῆς

206 790 454 842 ἀδικημάτων
481 793 524 832 οὐ
544 792 709 832 δίδωσιν
735 790 810 841 ἔξω
836 790 944 831 πέντ’
970 792 1068 831 ἐτῶν
1084 792 1153 832 τὰς
1179 793 1287 833 δίκας
1311 795 1394 832 τοῖς
1413 791 1540 843 ὀρφα-

205 861 286 900 νοῖς
312 859 332 897 ὁ
364 859 482 909 νόμος
514 861 612 898 κατὰ
649 862 728 899 τῶν
759 859 828 899 οὐκ
855 857 1083 910 ἀφειμένων
1110 859 1346 910 ἐπιτρόπων,
1373 857 1470 910 πρὸς
1501 860 1543 898 δὲ

205 925 294 967 τοὺς
320 925 366 976 ἐξ
388 927 549 966 ἐκείνων
574 927 687 977 ἡμᾶς,
707 926 796 978 περὶ
820 927 875 966 ὧν
900 925 1041 968 αὐτοὺς
1065 924 1259 979 ἀφήκατε,
1280 927 1447 980 εἰκοστῷ
1474 928 1543 965 νῦν
1566 943 1604 964 ιο

207 992 285 1033 ἔτει
311 994 421 1044 δίκην
447 993 680 1033 τελέσαισθ’
702 995 822 1044 ὑμεῖς.

273 1060 423 1100 Ἀκούω
449 1062 581 1101 τοίνυν
601 1061 740 1103 αὐτοὺς
765 1063 814 1101 τὰ
837 1063 910 1112 μὲν
936 1059 1025 1112 περὶ
1049 1063 1126 1101 τῶν
1150 1059 1390 1113 πραγμάτων
1415 1059 1542 1100 αὐτῶν

207 1128 270 1167 καὶ
295 1131 373 1168 τῶν
399 1128 529 1179 νόμων
554 1130 685 1169 δίκαια
719 1127 951 1181 φεύξεσθαι,
979 1127 1299 1179 παρεσκευάσθαι
1331 1130 1375 1168 δὲ
1407 1126 1542 1180 λέγειν

207 1194 258 1236 ὣς
284 1197 417 1235 πολλὰ
442 1194 610 1249 χρήματ’
648 1196 780 1238 αὐτοῖς
816 1197 1058 1248 κατελείφθη
1091 1197 1152 1237 καὶ
1180 1194 1286 1235 ταῦτ’
1324 1193 1541 1247 ἀπεστερή-

207 1265 348 1312 θησαν,
391 1264 453 1303 καὶ
495 1264 687 1318 τεκμηρίῳ
728 1262 954 1316 χρήσεσθαι
996 1263 1135 1303 τούτου
1176 1263 1229 1317 τῷ
1265 1262 1424 1314 μεγέθει
1465 1266 1542 1302 τῶν
1565 1277 1601 1309 15

207 1332 323 1370 δικῶν
357 1330 402 1372 ἃς
431 1329 476 1380 ἐξ
501 1331 625 1384 ἀρχῆς
662 1331 825 1384 ἔλαχον,
863 1331 926 1370 καὶ
958 1329 1031 1380 τὴν
1068 1331 1265 1383 ὀρφανίαν
1301 1331 1539 1381 ὀδυρεῖσθαι,

209 1397 269 1436 καὶ
295 1396 363 1437 τὸν
388 1399 456 1447 τῆς
483 1399 697 1448 ἐπιτροπῆς
724 1398 850 1450 λόγον
882 1397 1081 1448 διεξιέναι·
1123 1397 1186 1437 καὶ
1219 1396 1326 1437 ταῦτ’
1353 1396 1453 1437 εἶναι
1480 1396 1542 1436 καὶ

207 1463 352 1503 τοιαῦθ’
393 1465 449 1506 οἷς
497 1465 788 1505 πεπιστεύκασι
839 1465 900 1505 καὶ
951 1464 1000 1505 δι’
1039 1466 1093 1505 ὧν
1135 1467 1234 1515 ὑμᾶς
1274 1463 1542 1515 ἐξαπατήσειν

208 1532 367 1571 οἴονται.
439 1533 517 1584 ἐγὼ
560 1534 602 1573 δὲ
641 1532 686 1572 τὸ
727 1535 798 1584 μὲν
837 1536 917 1572 τῶν
965 1536 1083 1572 δικῶν
1131 1531 1299 1584 μέγεθος
1340 1535 1415 1571 τῶν
1453 1532 1543 1571 τότε

207 1601 437 1651 ληχθεισῶν
469 1599 602 1650 μεῖζον
638 1600 809 1652 ἡγοῦμαι
837 1599 1046 1652 τεκμήριον
1075 1600 1167 1650 ἡμῖν
1197 1595 1327 1651 [εἶναι]
1363 1599 1414 1640 ὡς
1448 1599 1539 1638 ἐσυ-
1565 1619 1602 1640 20

209 1665 435 1717 κοφαντεῖθ’
479 1667 499 1705 ὁ
541 1666 682 1720 πατήρ,
723 1664 746 1717 ἢ
786 1668 937 1709 τούτοις
976 1667 1028 1710 ὡς
1076 1666 1195 1707 πόλλ’
1234 1668 1538 1719 ἀπεστεροῦντο.

208 1731 451 1784 ὀγδοήκοντα
475 1736 547 1784 μὲν
580 1737 656 1787 γὰρ
680 1735 842 1776 τάλαντ’
874 1736 978 1788 ἔχων
1012 1734 1254 1788 ἐξελέγχειν,
1289 1734 1378 1774 οὐδὲ
1409 1734 1463 1774 εἷς
1491 1733 1540 1773 ἂν

209 1801 296 1851 τρία
325 1802 467 1850 λαβὼν
502 1802 730 1855 ἀπηλλάγη·
768 1804 970 1843 τοσούτων
1007 1805 1050 1843 δὲ
1078 1801 1293 1856 χρημάτων
1326 1802 1540 1853 ἐπιτροπῆς

210 1867 381 1919 φεύγων,
403 1869 528 1910 οὐδεὶς
554 1869 664 1910 ἔστιν
684 1871 795 1911 ὅστις
822 1870 890 1910 οὐκ
914 1870 963 1910 ἂν
989 1871 1134 1911 ἔδωκεν
1149 1872 1238 1922 τρία
1261 1868 1449 1914 τάλαντα,
1472 1871 1540 1908 τὸν

211 1934 386 1974 κίνδυνον
413 1935 632 1987 ὠνούμενος
649 1938 711 1977 καὶ
737 1939 785 1977 τὰ
802 1938 925 1990 φύσει
949 1938 1039 1978 τότε
1057 1937 1210 1979 τούτοις
1229 1933 1540 1986 πλεονεκτήμαθ’
1563 1951 1599 1981 25

208 2000 450 2055 ὑπάρχοντα.
525 2004 587 2044 καὶ
607 2006 682 2056 γὰρ
699 2006 866 2057 ὀρφανοὶ
893 2005 955 2044 καὶ
980 2004 1063 2045 νέοι
1083 2005 1146 2044 καὶ
1166 2004 1297 2045 ὁποῖοί
1312 2002 1417 2045 τινές
1438 2003 1541 2042 εἰσιν

253 2120 272 2140 2
296 2113 347 2144 καὶ
364 2116 482 2145 τοῦτον
500 2116 571 2153 ὑμῖν
588 2115 619 2145 Α
773 2125 794 2154 9
818 2114 916 2155 teani]
935 2114 1006 2146 οὐδὲ
1024 2116 1105 2146 κατὰ
1122 2113 1153 2143 Α
1312 2124 1349 2152 13
1374 2117 1540 2153 φευξεισθε

211 2153 247 2184 S¹
265 2166 272 2184 t
296 2160 475 2197 φευξεισθαι
493 2157 516 2188 S
535 2168 619 2188 corr.
822 2168 859 2196 15
884 2158 1065 2200 χρήσεσθαι
1085 2157 1199 2188 VVols:
1224 2158 1409 2197 χρήσασθαι
1426 2156 1516 2195 vulg.
1534 2168 1541 2187 ε

210 2199 349 2238 χρῆσθαι
362 2200 392 2230 Α
478 2200 595 2232 τούτου
609 2201 639 2231 Α
658 2213 664 2218 ·
689 2201 792 2241 τούτῳ
805 2202 896 2240 vulg.
1028 2203 1132 2240 17-18
1155 2200 1246 2233 ταῦτ’
1261 2201 1339 2233 εἶναι
1357 2201 1407 2232 καὶ
1420 2199 1538 2232 τοιαῦθ’

212 2241 235 2271 S
253 2253 259 2272 :
283 2243 407 2275 τοιαῦτ’
428 2244 505 2276 εἶναι
526 2245 614 2282 vulg.
740 2255 778 2283 19
802 2245 880 2276 τότε
896 2244 950 2276 A:
974 2256 1040 2276 om.
1062 2244 1164 2282 SFQ
1289 2255 1331 2274 20
1355 2246 1540 2284 ληχθεισῶν

211 2284 324 2316 Wolf:
353 2292 536 2327 λεχθεισῶν
549 2289 643 2318 codd.
736 2289 814 2320 εἶναι
832 2294 908 2328 post
926 2289 1000 2328 ἡμῖν
1019 2289 1042 2319 S
1057 2298 1064 2318 ε
1091 2293 1167 2327 post
1184 2288 1290 2327 πατήρ
1303 2289 1339 2325 (l.
1352 2288 1407 2325 21)
1427 2288 1517 2325 vulg*
1533 2298 1539 2317 :

211 2329 289 2359 secl.
312 2329 408 2361 Blass
531 2342 571 2361 22
597 2331 785 2372 ἐξελέγχειν
804 2331 827 2362 S
845 2343 852 2362 :
880 2333 1034 2373 ἐλέγχειν
1056 2332 1144 2371 vulg.
1216 2331 1289 2363 οὐδὲ
1310 2331 1354 2363 εἷς
1372 2331 1416 2361 S:
1439 2331 1539 2363 οὐδεὶς

211 2372 298 2411 vulg.
434 2384 540 2414 23—24
566 2375 693 2417 φεύγων
711 2377 881 2417 ἐπιτροπῆς
899 2376 929 2405 Α
