1685 2772
87 130 219 184 xxvn]
501 131 632 172 ΚΑΤ’
683 135 941 173 ΑΦΟΒΟΎ
988 136 1021 172 Α
1454 137 1571 194 [832]

85 245 130 286 τὸ
150 244 251 286 εἰκὸς
271 247 473 296 προσῆκον
492 243 691 297 γενέσθαι,
714 248 830 285 τοῦτο
852 246 914 285 διὰ
933 246 974 285 τί
997 245 1066 286 οὐκ
1093 246 1296 296 ἐποίησεν,
1323 246 1417 297 ἐρω-

84 311 168 352 τᾶτ’
194 312 324 352 αὐτόν.
391 312 425 352 εἰ
448 313 521 362 μὲν
546 311 622 363 γάρ
647 317 749 364 φησι
774 311 943 362 βέλτιον
969 313 1070 353 εἶναι
1094 312 1146 364 μὴ
1172 313 1422 364 μισθωθῆναι

85 378 154 418 τὸν
178 378 297 423 οἶκον,
325 377 489 429 δειξάτω
516 378 569 429 μὴ
605 377 800 419 διπλάσια
833 381 932 430 μηδὲ
963 378 1182 432 τριπλάσιά
1212 396 1278 430 μοι
1305 396 1419 431 γεγε-

86 444 246 495 νημένα,
273 443 366 485 ἀλλ’
392 444 490 485 αὐτὰ
514 446 562 484 τὰ
586 445 719 498 ἀρχαῖ’
745 446 831 496 ἐμοὶ
858 445 973 486 πάντ’
999 445 1282 497 ἀποδεδομένα.
1336 443 1421 486 εἶδ’

48 526 66 558 5
87 513 129 552 ἐκ
152 509 350 564 τεττάρων
374 512 436 552 καὶ
466 510 558 552 δέκα
587 511 792 553 ταλάντων
819 513 906 563 ἐμοὶ
936 515 1008 563 μὲν
1031 513 1120 564 μηδ’
1149 511 1423 564 ἐβδομήκοντα

86 580 186 630 μνᾶς
208 578 547 631 παραδεδώκασιν,
570 579 590 618 ὁ
614 581 656 620 δὲ
684 580 746 619 καὶ
773 579 870 631 πρὸς
895 579 1114 633 ὀφείλοντά
1139 579 1177 631 μ’
1198 581 1300 634 αὐτῷ
1326 578 1420 620 ἀπέ-

88 649 257 698 γραψεν,
293 649 374 686 πῶς
410 643 686 695 ἀποδέξασθαί
718 663 756 687 τι
791 646 983 698 προσήκει
1015 647 1163 687 τούτων
1195 647 1420 699 λεγόντων;

89 712 264 763 οὐδαμῶς
290 710 495 762 δήπουθεν.

155 779 363 829 Τοσαύτης
403 780 536 821 τοίνυν
578 780 716 823 οὐσίας
756 797 823 832 μοι
862 780 1196 833 καταλειφθείσης
1239 782 1338 831 ὅσην
1381 779 1427 831 ἐξ
1453 789 1500 824 60

31 868 70 889 10
91 847 216 901 ἀρχῆς
252 846 461 897 ἠκούσατε,
505 847 567 887 καὶ
606 851 674 888 τοῦ
716 849 846 901 τρίτου
883 847 1024 900 μέρους
1065 848 1264 900 πρόσοδον
1306 847 1423 897 αὐτῆς

91 914 292 968 φερούσης
315 912 560 965 πεντήκοντα
584 917 695 966 μνᾶς,
718 914 809 966 ἐξὸν
827 916 980 957 τούτοις
1004 919 1086 957 τοῖς
1105 914 1424 966 ἀπληστοτάτοις

91 980 318 1036 χρημάτων,
347 981 409 1021 καὶ
435 982 468 1022 εἰ
492 981 546 1032 μὴ
571 984 743 1033 μισθοῦν
767 986 835 1022 τὸν
861 982 969 1023 οἶκον
990 982 1220 1034 ἐβούλοντο,
1249 981 1326 1022 ἀπὸ
1350 982 1424 1032 μὲν

91 1048 240 1090 τούτων
263 1052 342 1089 τῶν
366 1049 626 1101 προσιόντων,
663 1050 808 1091 ἐῶντας
841 1049 976 1101 ὥσπερ
1011 1049 1118 1102 εἶχεν
1144 1050 1242 1089 κατὰ
1274 1049 1422 1102 χώραν,

90 1116 191 1167 ἡμᾶς
215 1132 258 1156 τε
283 1114 448 1168 τρέφειν
472 1116 535 1156 καὶ
563 1117 612 1155 τὰ
642 1119 738 1168 πρὸς
764 1116 836 1166 τὴν
861 1117 978 1156 πόλιν
1004 1119 1177 1162 διοικεῖν,
1206 1116 1268 1156 καὶ
1292 1115 1355 1155 ὅσ’
1382 1114 1428 1166 ἐξ

33 1201 42 1222 ι
51 1202 69 1233 5
92 1183 220 1223 αὐτῶν
257 1183 541 1234 περιεγίγνετο,
581 1186 704 1222 ταῦτα
745 1186 1081 1235 προσπεριποιεῖν,
1119 1182 1189 1233 τὴν
1225 1182 1258 1222 δ’
1294 1181 1424 1232 ἄλλην
1454 1191 1496 1225 61

92 1249 232 1290 οὐσίαν
257 1248 419 1301 ἐνεργὸν
449 1247 682 1299 ποιήσασιν,
711 1249 835 1290 οὖσαν
862 1250 1006 1300 ταύτης
1038 1250 1267 1295 διπλασίαν,
1293 1249 1424 1290 αὑτοῖς

92 1333 148 1363 τε,
176 1317 209 1356 εἷ
233 1314 446 1369 χρημάτων
471 1316 702 1366 ἐπεθύμουν,
727 1315 852 1368 μέτρι’
873 1315 920 1367 ἐξ
941 1316 1068 1357 αὐτῶν
1092 1319 1251 1367 λαβεῖν,
1273 1315 1362 1367 ἐμοί
1382 1332 1424 1356 τε

95 1383 169 1423 σὺν
193 1386 274 1424 τοῖς
299 1382 478 1435 ἀρχαίοις
496 1381 566 1422 τὸν
586 1382 694 1423 οἶκον
715 1383 757 1422 ἐκ
784 1386 862 1424 τῶν
881 1383 1090 1435 προσόδων
1108 1383 1225 1434 μείζω
1246 1384 1422 1432 ποιῆσαι,

93 1449 241 1489 τούτων
278 1451 351 1500 μὲν
389 1449 501 1490 οὐδὲν
540 1447 749 1499 ἐποιήσαν,
794 1450 1033 1501 ἀποδόμενοι
1073 1449 1105 1490 δ’
1147 1448 1341 1500 ἀλλήλοις
1378 1449 1425 1488 τὰ

36 1537 75 1559 20
94 1517 285 1556 πλείστου
316 1514 408 1567 ἄξια
435 1519 514 1556 τῶν
546 1517 816 1568 ἀνδραπόδων,
842 1518 891 1556 τὰ
926 1519 968 1558 δὲ
996 1515 1249 1557 παντάπασιν
1278 1516 1422 1568 ἀφανί-
1455 1519 1573 1575 [833]

95 1599 249 1629 σαντες,
289 1584 382 1634 ἐμοῦ
412 1584 485 1634 μὲν
522 1583 684 1624 ἀνεῖλον
717 1585 780 1625 καὶ
814 1583 886 1634 τὴν
919 1583 1178 1637 ὑπάρχουσαν
1211 1583 1423 1635 πρόσοδον,

96 1650 218 1702 σφίσι
250 1649 283 1689 δ’
316 1650 449 1692 αὐτοῖς
481 1650 526 1690 οὐ
558 1652 700 1703 μικρὰν
737 1653 780 1692 ἐκ
817 1655 895 1692 τῶν
931 1652 1035 1702 ἐμῶν
1068 1649 1424 1690 κατεσκευάσαντο.

95 1717 291 1767 λαβόντες
315 1718 358 1757 δὲ
391 1717 454 1757 καὶ
478 1717 595 1757 τᾶλλ’
625 1720 803 1772 αἰσχρῶς
836 1718 983 1758 οὑτωσὶ
1011 1717 1151 1764 πάντα,
1182 1715 1306 1757 πλέον
1331 1712 1354 1765 ἢ
1379 1716 1427 1755 τὰ
1457 1726 1502 1761 62

95 1783 241 1834 ἡμίσεα
281 1787 360 1824 τῶν
397 1784 612 1838 χρημάτων
646 1787 745 1835 μηδὲ
788 1786 1103 1838 καταλειφθῆναι
1140 1789 1248 1840 κοινῇ
1284 1781 1428 1824 πάντες

37 1862 74 1893 25
96 1850 438 1902 ἀμφισβητοῦσιν,
466 1852 517 1893 ὡς
541 1851 858 1893 πεντεταλάντου
889 1854 930 1893 δὲ
959 1852 1082 1903 μόνον
1107 1853 1176 1901 τῆς
1200 1849 1336 1891 οὐσίας
1361 1849 1423 1889 οὕ-

97 1933 171 1967 σης
207 1918 249 1957 ἐκ
281 1919 476 1969 τοσαύτης
509 1918 598 1960 τοὺς
630 1919 775 1971 λόγους
808 1920 1121 1972 ἀπενηνόχασιν,
1156 1916 1200 1957 οὐ
1230 1917 1428 1968 πρόσοδον

95 1985 167 2034 μὲν
203 1982 250 2034 ἐξ
282 1985 409 2026 αὐτῶν
445 1986 513 2026 οὐκ
545 1985 850 2037 ἀποφαίνοντες,
886 1987 935 2025 τὰ
967 1987 1009 2025 δὲ
1045 1983 1244 2037 κεφάλαια
1277 1983 1430 2035 φανερὰ

97 2051 407 2098 ἀποδεικνύντες,
435 2051 528 2092 ἀλλ’
554 2052 650 2092 αὐτὰ
683 2053 731 2091 τὰ
764 2051 897 2105 ἀρχαῖ’
923 2052 1045 2093 οὕτως
1076 2052 1242 2092 ἀναιδῶς·
1273 2050 1424 2100 ἀνηλῶ-

141 2171 161 2192 2
185 2161 321 2200 βέλτιόν
337 2169 438 2203 φησιν
453 2160 484 2191 Α
627 2170 647 2200 4
672 2161 739 2200 ἐμοὶ
757 2160 781 2191 S
799 2172 806 2192 :
829 2174 882 2200 μοι
898 2160 988 2200 vulg.
1091 2159 1308 2200 ἀποδεδομένα
1323 2158 1430 2191 πάντα

263 2214 282 2243 5
307 2207 373 2245 ἐμοὶ
390 2203 450 2245 μὲν
466 2204 562 2235 codd.
578 2215 584 2235 τ
611 2205 639 2235 οἱ
655 2203 714 2243 μὲν
731 2203 828 2235 Blass
845 2204 918 2235 coll.
940 2206 956 2242 5
974 2204 1016 2243 63
1113 2205 1136 2234 6
1159 2204 1235 2246 πρὸς
1252 2203 1429 2245 ὀφείλοντα

99 2248 231 2279 divisim
251 2249 412 2279 Foerster
499 2246 556 2287 με]
575 2246 634 2287 μὲν
651 2246 690 2278 Sl
815 2257 850 2278 11
877 2250 945 2280 τοῖς
963 2246 1227 2285 ἀπληστοτάτοις
1244 2247 1275 2277 Α
1287 2247 1311 2277 F
1329 2257 1336 2276 :
1359 2248 1429 2277 τοῖς

100 2293 128 2324 ἆ.
147 2293 218 2324 οὖσι
236 2291 260 2322 S
278 2302 285 2322 ε
310 2293 339 2323 ἆ.
357 2291 427 2323 οὖσι
447 2291 575 2321 Reiske
714 2299 752 2330 15
776 2292 851 2332 πρὸς
868 2293 1043 2331 περιποιεῖν
1061 2290 1085 2321 S
1206 2292 1233 2322 δ’
1250 2300 1331 2321 sscr.
1352 2290 1385 2319 in
1404 2288 1429 2320 S

104 2336 142 2365 18
166 2336 224 2367 τὸν
241 2335 328 2367 οἷκον
343 2339 422 2364 ante
437 2337 472 2366 ἐκ
487 2338 554 2367 τῶν
570 2333 594 2364 S
610 2345 617 2364 :
641 2338 718 2373 post
734 2334 901 2375 προσόδων
917 2338 996 2365 cett.
1143 2343 1187 2364 20
1209 2333 1260 2374 δὲ]
1279 2333 1314 2365 δὲ
1331 2333 1381 2364 καὶ
1397 2331 1430 2362 Α

101 2388 142 2416 23
167 2379 283 2410 οὑτωσὶ
302 2377 326 2408 S
342 2388 349 2407 τ
373 2379 455 2410 οὕτω
468 2377 556 2417 vulg.
699 2388 740 2415 24
757 2377 858 2417 ἡμίση
875 2377 899 2408 S
917 2377 971 2408 hic
990 2380 1024 2408 et
1040 2377 1145 2407 xxxvi
1163 2378 1214 2415 36.
1234 2377 1301 2407 lviii
1322 2386 1368 2415 13,
1386 2375 1427 2407 cf.

102 2420 208 2453 Bekk.
225 2420 354 2452 Anecd.
374 2431 406 2461 p.
426 2430 479 2460 41.
500 2430 542 2460 33
632 2421 674 2451 26
697 2423 733 2453 οὐ
752 2421 827 2452 hab.
848 2421 872 2452 S
890 2420 985 2452 solus
1073 2421 1115 2450 28
1140 2420 1235 2461 αὐτὰ]
1254 2433 1357 2452 ταυτα
1374 2418 1399 2449 S

1259 2473 1299 2504 2*
