1685 2772
57 93 172 149 [874]
239 105 727 144 ΔΗΜΟΣΘΕΝΟΎΣ
774 106 934 144 ΠΡΟΣ
981 106 1281 145 ONHTOPA
1328 108 1362 145 A
1431 102 1530 158 [xxx

127 220 170 262 38
203 232 293 261 σαν,
321 215 372 257 ὡς
408 215 476 255 οὐκ
514 215 641 266 ἀληθῆ
676 216 724 255 τὰ
760 216 802 255 ἐκ
833 217 902 265 τῆς
937 214 1124 265 βασάνου
1155 215 1278 256 εἷπον.
1340 217 1453 259 οὗτος
1489 219 1533 258 δὲ

55 275 169 330 [875]
201 285 415 332 τηλικαῦτα
458 282 586 322 δίκαια
628 282 767 334 φυγὼν
811 283 873 322 καὶ
910 285 1056 334 σαφεῖς
1091 284 1192 323 οὕτω
1232 283 1294 323 καὶ
1334 283 1532 336 μεγάλους

200 349 392 403 ἐλέγχους
429 349 678 400 παραλιπών,
712 347 903 401 ’Ἄφοβον
946 350 1218 402 παρεχόμενος
1257 349 1432 403 μάρτυρα
1469 351 1532 392 καὶ

196 416 462 468 Τιμοκράτην,
501 415 570 456 τὸν
595 417 668 466 μὲν
705 415 755 457 ὡς
791 415 969 456 ἀπέδωκε
1005 415 1076 466 τὴν
1112 420 1265 469 προῖκα,
1303 416 1374 457 τὸν
1410 417 1443 458 δ’
1480 418 1532 460 ὣς

197 484 434 536 ἀπείληφεν,
467 482 632 534 ἀξιώσει
663 483 926 523 πιστεύεσθαι
955 483 1046 535 παρ’
1076 484 1179 534 ὑμῖν,
1207 483 1427 536 ἀμάρτυρον
1460 484 1531 535 τὴν
1551 508 1568 539 5

197 550 292 602 πρὸς
317 551 475 592 τούτους
501 547 644 602 πρᾶξιν
669 551 912 602 γεγενῆσθαι
937 550 1290 602 προσποιούμενος·
1332 552 1530 602 τοσαύτην

120 632 164 666 39
195 618 302 668 ὑμῶν
327 617 505 667 εὐήθειαν
531 616 790 669 κατέγνωκεν.
851 617 911 656 ὅτι
934 619 1007 668 μὲν
1032 617 1164 658 τοίνυν
1188 617 1268 657 οὔτ’
1294 618 1421 668 ἀληθῆ
1448 619 1529 658 οὔτ’

196 685 362 738 ἀληθείᾳ
405 685 560 724 ἐοικότα
596 683 799 735 λέξουσιν,
844 684 906 724 καὶ
949 685 990 724 ἐκ
1031 688 1098 724 τοῦ
1140 683 1187 735 ἐξ
1225 685 1350 738 ἀρχῆς
1390 685 1530 728 αὐτοὺς

195 752 406 804 ὁμολογεῖν
438 751 510 801 τὴν
547 755 690 804 προῖκα
722 751 775 803 μὴ
810 753 956 797 δοῦναι,
995 752 1057 791 καὶ
1096 752 1139 791 ἐκ
1177 756 1246 792 τοῦ
1279 751 1400 793 πάλιν
1437 752 1528 793 ἄνευ

193 819 399 870 μαρτύρων
429 817 719 859 ἀποδεδωκέναι
745 817 932 871 φάσκειν,
962 818 1024 858 καὶ
1050 820 1091 859 ἐκ
1116 822 1185 859 τοῦ
1209 818 1276 860 τὸν
1305 821 1452 873 χρόνον
1475 820 1527 872 μὴ
1553 843 1590 864 10

196 887 387 939 ἐγχωρεῖν
407 885 789 938 ἀμφισβητουμένης
810 885 882 936 ἤδη
903 887 971 935 τῆς
990 886 1127 928 οὐσίας
1153 887 1366 928 ἀποδοῦναι
1383 889 1524 940 τάργύ-

193 969 290 1003 ριον,
310 952 372 992 καὶ
391 954 433 992 ἐκ
449 956 526 992 τῶν
545 952 682 993 ἄλλων
701 953 887 994 ἁπάντων
907 954 1048 994 ἱκανῶς
1068 954 1344 1007 ἀποδεδεῖχθαι
1370 955 1526 1005 νομίζω.

241 1072 255 1092 Ι
281 1065 345 1093 τῶν
361 1062 512 1098 βασάνων
532 1062 650 1093 Isaeus
704 1063 793 1094 εἶπον
811 1062 922 1102 (ειπων
940 1061 993 1099 5¹3.
1013 1062 1132 1094 codd.:
1159 1062 1302 1095 εἰπόντες
1322 1063 1437 1094 Isaeus
1507 1075 1526 1103 4

194 1105 337 1137 ἀπέδωκε
355 1105 379 1136 S
395 1116 402 1135 ε
427 1106 609 1138 ἀποδέδωκε
626 1105 718 1144 vulg.
789 1116 806 1144 7
832 1106 940 1137 τοίνυν
957 1115 1020 1136 om.
1041 1105 1066 1136 F
1080 1105 1109 1135 D
1179 1107 1199 1136 8
1224 1106 1357 1149 ἀληθείᾳ
1374 1107 1398 1137 S
1416 1107 1523 1146 vulg.:

192 1149 354 1187 ἀληθείαις
367 1148 417 1180 A:
438 1149 594 1187 ἀληθέσιν
608 1149 776 1179 Aristides
790 1150 810 1178 ii
822 1158 894 1188 552,
912 1150 1026 1179 nescio
1040 1159 1082 1179 an
1097 1154 1188 1179 recte
1265 1152 1329 1190 8—9
1354 1153 1526 1192 ὁμολογεῖν

192 1193 307 1225 αὐτοὺς
326 1193 356 1222 Α
486 1202 524 1222 12
551 1192 666 1232 νομίζω
683 1192 708 1223 S
725 1204 731 1222 t
755 1206 808 1232 μοι
826 1192 941 1232 νομίζω
957 1193 1047 1232 vulg.

237 1235 274 1266 ln
294 1235 318 1266 S
336 1236 561 1276 subscriptum

582 1284 687 1313 ΠΡΟΣ
720 1284 912 1312 ONHTOPA
950 1285 1136 1315 ΕΞΟὙΛΗΣ

809 1330 908 1370 A}
