1685 2772
61 1351 99 1374 10

58 1901 96 1922 20

57 2166 93 2198 25

685 514 892 556 XXXIV

258 640 420 689 ΠΡΟΣ
469 645 805 687 ΦΟΡΜΙΩΝΑ
847 644 993 688 ΠΕΡΙ
1041 646 1318 688 ΔΑΝΕῙΟΤ

681 777 896 807 ΎΠΟΘΕΣῙΣ.

175 851 346 901 Φορμίων
380 853 538 902 ἔμπορος
575 852 775 898 δανείζεται
807 853 907 901 παρὰ
946 855 1172 901 Χρυσίππου
1208 856 1301 902 μνᾶς
1335 852 1452 891 εἴκοσι
1484 861 1606 915 [905]

120 906 244 944 πλέων
265 907 313 946 εἷς
333 906 543 956 Βόσπορον.
602 907 826 956 ἀφικόμενος
846 905 876 943 δ’
894 909 1013 944 ἐκεῖσε
1033 907 1283 955 κατέλαβεν’
1265 908 1453 956 απρασίαν

119 963 191 998 τῶν
229 961 390 1009 φορτίων
427 961 475 999 ὧν
514 961 672 1011 ἐκόμιζε.
744 961 871 1010 διόπερ
908 963 974 998 τοῦ
1013 961 1220 1010 ναυκλήρου
1260 961 1453 1011 Λάμπιδος

120 1017 304 1053 ἀποπλεῖν
331 1016 568 1065 βουλομένου
594 1013 786 1064 Ἀθήναζε,
810 1015 870 1052 καὶ
900 1016 1113 1055 κελεύοντος
1141 1017 1251 1053 αὐτὸν
1281 1016 1452 1054 ἐνθέσθαι

118 1072 165 1120 τῇ
198 1069 257 1118 νηὶ
288 1071 335 1108 τὰ
370 1070 618 1121 ἀγοράσματα
651 1072 722 1107 τῶν
752 1070 953 1120 χρημάτων
984 1072 1057 1107 τῶν
1089 1071 1189 1119 παρὰ
1226 1071 1451 1120 Χρυσίππου

118 1122 244 1174 (τοῦτο
272 1126 344 1176 γὰρ
371 1126 529 1174 ἔφραζεν
552 1125 575 1173 ἡ
601 1124 837 1176 συγγραφή),
866 1125 949 1161 οὔτε
976 1124 1117 1173 φόρτον
1142 1123 1207 1163 τιν’
1227 1125 1358 1163 ἐνέθετ’
1377 1125 1452 1164 οὔτ’

119 1180 301 1230 ἀργύριον,
339 1179 425 1217 ἀλλ’
460 1180 533 1228 ἔφη
567 1179 660 1228 πρὸς
694 1179 759 1216 τὸν
794 1179 948 1228 Λάμπιν
983 1179 1166 1219 ἀδυνάτως
1199 1181 1295 1231 ἔχειν
1327 1183 1365 1218 ἐν
1402 1183 1451 1231 τῷ

117 1234 272 1282 παρόντι
304 1237 461 1283 ποιῆσαι
494 1236 620 1278 ταῦτα,
653 1233 785 1282 μικρὸν
821 1232 850 1271 δ’
879 1234 1035 1283 ὕστερον
1064 1233 1123 1283 ἐφ’
1148 1235 1270 1283 ἑτέρας
1299 1237 1451 1272 ἐκπλευ-

119 1289 269 1326 σεῖσθαι
289 1290 375 1329 νεὼς
395 1290 471 1338 ἅμα
490 1291 566 1329 τοῖς
584 1289 786 1340 χρήμασιν.
846 1289 870 1337 ἡ
890 1289 957 1338 μὲν
981 1288 1044 1326 οὖν
1069 1290 1134 1326 τοῦ
1154 1289 1347 1338 Λάμπιδος
1366 1292 1451 1330 ναῦς

118 1342 323 1393 ἀναχθεῖσα
350 1343 612 1393 διαφθειρεται,
631 1360 690 1380 και
716 1341 795 1392 μετ’
819 1343 991 1394 ὀλίγων
976 1361 995 1380 ο
1016 1344 1165 1392 Λάμπις
1191 1346 1228 1381 ἐν
1246 1346 1295 1394 τῷ
1315 1344 1449 1395 λεμβῳ

118 1395 284 1447 σωζεται,
306 1415 365 1435 και
386 1398 608 1447 ἀφικόμενος
626 1397 807 1446 Αθήναζε
824 1399 954 1447 μηνύει
969 1398 1178 1448 Χρυσιππω
1199 1398 1241 1435 τὸ
1262 1398 1450 1448 εὐτύχημα

116 1453 181 1488 τοῦ
197 1452 458 1500 Φορμίωνος,ε
440 1469 487 1492 ως
506 1452 717 1501 ἀπελείφθη
738 1451 769 1490 τ’
794 1455 831 1489 ἐν
850 1455 901 1502 τῷ
922 1452 1105 1504 Βοσπόρω
1127 1452 1187 1489 καὶ
1209 1454 1257 1492 εἷς
1275 1452 1343 1501 τὴν
1361 1455 1450 1491 ναῦν

117 1504 221 1542 οὐδὲν
255 1505 407 1543 ἐνέθετο.
468 1508 488 1545 ὁ
528 1507 566 1544 δὲ
605 1507 776 1556 Φορμίων
821 1508 1083 1546 καταπλεύσας
1119 1507 1275 1556 ὕστερον
1313 1506 1373 1544 καὶ
1405 1507 1449 1545 τὸ

118 1560 291 1611 ἀργύριον
318 1562 594 1610 ἀπαιτούμενος,
616 1562 658 1599 τὸ
683 1563 751 1611 μὲν
780 1564 935 1610 πρῶτον,
964 1563 1009 1600 ὡς
1036 1562 1110 1609 ἔφη
1136 1562 1367 1610 Χρύσιππος,
1389 1562 1448 1598 καὶ

118 1613 285 1662 ὀφείλειν
307 1615 492 1667 ὡμολόγει
523 1616 583 1653 καὶ
615 1616 822 1654 ἀποδώσειν
853 1618 1081 1666 ὑπισχνεῖτο,
1107 1614 1218 1653 ἔπειθ’
1241 1617 1288 1655 ὡς
1317 1615 1446 1653 ἀποδε-

117 1667 237 1708 δωκὼς
265 1669 431 1718 Λάμπιδι
458 1670 574 1719 μηδὲν
605 1671 773 1719 ὀφείλειν
803 1671 919 1721 ἔλεγε·
950 1671 1017 1719 τὴν
1036 1671 1107 1722 γὰρ
1135 1670 1361 1721 συγγραφὴν
1391 1687 1446 1708 κε-

116 1724 236 1760 λεύειν
263 1723 456 1772 παθούσης
484 1741 519 1762 τι
550 1726 641 1762 κατὰ
677 1725 866 1763 θάλατταν
896 1727 961 1773 τῆς
995 1726 1081 1764 νεὼς
1110 1724 1353 1775 ἀπηλλάχθαι
1381 1727 1446 1762 τοῦ

117 1778 337 1827 ὀφλήματος
355 1779 419 1816 τὸν
434 1779 639 1829 Φορμίωνα.
700 1781 835 1830 ἔλαχεν
855 1778 917 1817 οὖν
934 1779 1038 1827 δίκην
1057 1780 1153 1830 αὐτῷ
1173 1780 1192 1816 ὁ
1212 1780 1444 1828 Χρύσιππος·

117 1832 137 1868 ὃ
166 1831 205 1870 δὲ
231 1833 508 1884 παρεγράψατο,
532 1834 591 1871 καὶ
620 1834 770 1882 Λάμπις
801 1834 1033 1882 ἐμαρτύρησε
1062 1835 1162 1883 παρὰ
1188 1836 1238 1884 τῷ
1267 1833 1443 1884 διαιτητῇ,

116 1887 163 1925 ὡς
182 1888 398 1935 ἀπειληφὼς
418 1887 473 1936 εἴη
500 1889 600 1937 παρὰ
627 1887 838 1936 Φορμίωνος
866 1890 903 1924 ἐν
924 1888 1108 1939 Βοσπόρῳ
1128 1889 1175 1925 τὰ
1193 1888 1366 1938 χρήματα
1386 1888 1446 1925 καὶ

117 1941 361 1981 ἀπολωλεκὼς
398 1943 493 1990 μετὰ
530 1945 601 1979 τῶν
641 1943 768 1979 ἄλλων
806 1944 843 1978 ἐν
881 1943 928 1991 τῇ
966 1943 1132 1993 ναυαγίᾳ.
1191 1942 1370 1991 πρότερον
1407 1941 1446 1979 δὲ

115 1995 288 2033 τάναντία
317 1997 455 2034 τούτων
486 1996 620 2044 εἰρήκει
649 1995 740 2044 πρὸς
768 1995 1045 2044 Χρύσιππον,ε
1027 2012 1073 2035 ως
1100 1996 1245 2034 ουδὲνε
1230 2013 1249 2033 ο
1276 1995 1446 2044 Φορμίων

115 2051 165 2088 εἷς
190 2049 257 2097 τὴν
283 2053 371 2088 ναῦν
398 2049 607 2088 ἐντέθεικεν.
656 2049 912 2117 ἐλεγχόμενος
939 2049 969 2086 δ’
995 2050 1055 2086 ἐπὶ
1082 2051 1223 2089 τούτοις
1250 2051 1269 2087 ὁ
1297 2051 1446 2099 Λάμπις

115 2103 351 2152 ἐξεστηκέναι
377 2103 451 2141 τότ’
472 2104 625 2152 ἔφησεν,
651 2102 703 2141 ὅτ’
727 2105 845 2141 ἐκεῖνα
871 2103 963 2152 πρὸς
989 2103 1053 2141 τὸν
1080 2105 1306 2152 Χρύσιππον
1327 2105 1443 2155 ἔλεγε.

114 2158 252 2196 τούτων
286 2158 448 2197 ἀκούσας
479 2159 499 2196 ὁ
534 2157 719 2206 διαιτητὴς
758 2158 817 2195 καὶ
850 2157 966 2206 μηδὲν
999 2159 1286 2207 ἀποφηνάμενος
1321 2160 1370 2198 εἷς
1402 2159 1444 2195 τὸ

154 2259 300 2290 Titulus.
314 2259 409 2301 ’Ὑπὲρ
420 2259 608 2301 Χρυσίππου
619 2260 696 2301 πρὸς
712 2261 772 2298 τὴν
788 2260 964 2301 Φορμίωνος
980 2261 1192 2302 παραγραφήν
1210 2261 1257 2292 tit.
1267 2262 1300 2291 in
1315 2260 1356 2301 A,
1367 2262 1442 2291 sub-

118 2303 258 2342 scriptio
275 2304 308 2334 in
327 2303 364 2341 S,
380 2303 546 2342 Harpocr.
567 2313 592 2334 S.
608 2313 639 2335 v.
659 2302 822 2336 ἐπιθέτους
838 2303 949 2344 ἑορτάς
1036 2314 1055 2341 4
1079 2304 1229 2344 Ἀθήναζε
1247 2304 1444 2343 βουλομένου

118 2345 218 2376 Blass
319 2356 359 2377 10
382 2347 502 2387 ὀλίγων
518 2345 638 2377 Wolf:
663 2346 777 2386 ὀλίγον
792 2347 888 2378 codd.
992 2348 1031 2377 16
1053 2347 1153 2387 μηδὲν
1169 2347 1287 2378 Wolf:
1310 2349 1444 2387 μηδενὸς

117 2390 215 2421 codd.
326 2400 366 2429 19
389 2390 617 2431 παρεγράψατο
632 2389 747 2420 Wolf:
774 2403 882 2430 συνεγ.
903 2390 997 2421 codd.
