1685 2772
49 124 168 180 [987]

126 537 164 563 11

126 933 168 957 12

45 987 165 1042 [988]

130 1534 172 1568 13

133 1943 176 1978 14

628 134 1121 172 ΔΗΜΟΣΘΕΝΟΎΣ
1350 128 1533 184 [xxxvm

200 243 450 285 αἰτιάσαιντο
476 248 624 295 λαβεῖν
648 243 851 296 (τέτταρσι
876 246 952 296 γὰρ
976 241 999 294 ἢ
1030 244 1137 296 τρισὶ
1162 243 1286 295 μησὶν
1311 244 1478 296 ὕστερον
1510 241 1534 295 ἢ

200 311 411 352 διελύσατο
435 314 530 362 πρὸς
548 311 710 353 τούτους
738 309 1025 362 ἐτελεύτησεν).
1097 311 1148 353 ὡς
1174 311 1207 350 δ’
1233 311 1322 351 οὐδὲ
1350 310 1532 363 Δημάρε-

199 395 268 420 τον
298 378 366 419 τὸν
394 377 700 431 καταλειφθένθ’
726 379 836 429 ἡμῶν
864 379 1077 431 ἐπίτροπον
1101 382 1248 429 λαβεῖν
1274 379 1357 418 οἶόν
1382 395 1425 418 τε
1457 377 1536 428 (καὶ

197 448 274 500 γὰρ
311 450 451 486 τοῦτον
489 446 674 497 ἔγραψαν
707 447 762 487 εἰς
791 448 834 485 τὸ
869 444 1073 498 ἔγκλημα),
1109 446 1173 486 καὶ
1202 444 1305 485 τοῦτ’
1341 444 1534 495 ἐπιδείξω.

196 513 382 566 μέγιστοι
417 515 490 563 μὲν
521 512 590 552 οὖν
619 513 712 563 ἡμῖν
747 514 850 553 εἶσιν
887 512 995 553 οὗτοι
1023 511 1214 565 μάρτυρες
1246 511 1431 563 (οὐδαμοῦ
1462 513 1537 564 γὰρ

199 579 452 634 φανήσονται
478 580 588 630 δίκην
621 580 828 633 εἰληχότες
863 580 976 629 ζῶντι
1004 584 1057 634 τῷ
1094 576 1341 633 Δημαρέτῳ)
1384 578 1429 618 οὐ
1460 577 1538 629 μὴν

199 649 307 689 ἀλλὰ
334 647 395 688 καὶ
420 647 465 687 τὸ
490 646 638 699 πρᾶγμ’
658 646 707 687 ἄν
732 663 791 688 τις
814 646 908 686 αὐτὸ
935 650 1097 686 σκοπῶν
1124 646 1185 686 καὶ
1211 649 1368 698 θεωρῶν
1393 647 1469 685 ἴδοι
1494 645 1538 685 οὐ

198 715 322 767 μόνον
346 713 435 768 οὐχὶ
460 715 656 764 λαβόντα,
680 713 773 754 ἀλλ’
801 712 883 754 οὐδ’
910 713 999 754 ἐνὸν
1037 713 1138 768 αὐτῷ
1163 716 1322 764 λαβεῖν.
1394 711 1442 763 ἦν
1466 713 1538 763 μὲν

200 784 274 835 γὰρ
300 781 344 822 τὸ
377 780 504 835 χρέως
534 783 575 821 ἐν
610 781 822 836 Βοσπόρῳ,
853 781 1019 833 ἀφίκετο
1047 780 1080 820 δ’
1119 778 1360 820 οὐδεπώποτ’
1386 780 1442 820 εἷς
1470 778 1539 819 τὸν

200 850 323 890 τόπον
348 852 487 889 τοῦτον
512 849 532 888 ὁ
554 848 798 900 Δημάρετος·
845 851 928 889 πῶς
958 847 1025 888 οὖν
1059 846 1312 899 εἶσέπραξεν;
1357 846 1540 899 ἔπεμψεν

201 916 246 967 νὴ
275 915 357 962 Δί’,
385 917 489 957 εἴποι
514 933 572 958 τις
602 915 661 961 ἄν,
683 916 753 956 τὸν
786 915 1058 967 κομιούμενον.
1134 918 1319 955 σκοπεῖτε
1353 913 1399 964 δὴ
1433 913 1538 953 τοῦθ’

201 984 359 1024 οὑτωσί.
432 983 604 1035 ὤφειλεν
631 982 842 1035 Ἑρμῶναξ
868 985 1066 1035 στατῆρας
1093 981 1233 1022 ἑκατὸν
1258 983 1362 1034 παρὰ
1382 984 1535 1021 Ναυσι-

200 1050 364 1103 κράτους
379 1052 522 1102 λαβὼν
538 1052 701 1092 τούτοις.
762 1051 911 1091 τούτων
934 1050 1220 1103 Ἀρίσταιχμος
1242 1050 1453 1102 ἐπίτροπος
1479 1049 1541 1089 καὶ

202 1119 378 1169 κηδεμὼν
405 1117 554 1170 ἐγένεθ’
581 1117 772 1158 ἑκκαίδεκ’
799 1119 880 1169 ἔτη.
945 1118 1082 1158 οὐκοῦν
1109 1117 1132 1156 ἅ
1158 1135 1204 1170 γε
1220 1117 1368 1158 τούτων
1388 1118 1540 1169 ἀνδρῶν

202 1185 427 1239 γεγονότων
453 1185 500 1225 δι’
526 1187 663 1226 ἑαυτοῦ
691 1185 822 1227 διέλυε
848 1184 1020 1239 χρήμαθ’
1047 1186 1067 1224 ὁ
1093 1184 1315 1237 Ἑρμῶναξ,
1345 1184 1412 1225 οὐκ
1443 1183 1537 1224 ἀπέ-

346 1251 439 1267 prag*

203 1256 325 1293 δωκεν
341 1269 386 1292 οτ
416 1269 519 1303 ησαν
540 1255 689 1294 παῖδες·
724 1253 768 1293 οὐ
788 1255 863 1305 γὰρ
884 1253 942 1295 δίς
960 1270 1005 1305 γε
1025 1253 1145 1292 ταῦτα
1164 1254 1369 1293 κατετίθει.
1429 1251 1541 1292 ἔστιν

204 1321 272 1361 οὖν
309 1321 407 1361 οὕτω
440 1337 499 1361 τις
536 1320 753 1372 ἀνθρώπων
783 1320 942 1365 ἄτοπος,
971 1319 1068 1359 ὥσθ’
1096 1320 1119 1359 ἃ
1155 1320 1245 1361 τοὺς
1284 1321 1434 1372 κυρίους
1463 1322 1539 1359 διε-

205 1387 401 1440 κρούσατο
424 1387 476 1438 μὴ
498 1390 721 1427 καταθεῖναι
740 1391 933 1427 τοσοῦτον
953 1388 1110 1440 χρόνον,
1131 1390 1251 1427 ταῦτα
1269 1391 1321 1442 τῷ
1346 1386 1398 1438 μὴ
1427 1387 1542 1440 κυρίῳ

205 1454 410 1507 πέμψαντι
443 1454 639 1507 γράμμαθ’
674 1455 772 1495 ἑκὼν
806 1455 1042 1501 ἀποδοῦναι;
1101 1455 1179 1507 ἐγὼ
1212 1457 1284 1505 μὲν
1318 1455 1385 1495 οὐκ
1420 1453 1540 1504 οἶμαι.

206 1523 312 1562 ἀλλὰ
343 1522 420 1573 μὴν
458 1522 508 1563 ὡς
544 1523 672 1572 ἀληθῆ
710 1521 830 1574 λέγω,
865 1523 926 1562 καὶ
961 1522 981 1560 ὁ
1010 1524 1085 1573 μὲν
1123 1522 1251 1574 πατὴρ
1283 1521 1543 1571 ἐτελεύτησεν

206 1588 347 1631 εὐθέως
386 1591 484 1640 μετὰ
520 1591 589 1630 τὰς
625 1589 840 1636 διαλύσεις,
884 1594 936 1644 τῷ
977 1588 1194 1644 Δημαρέτῳ
1232 1589 1264 1629 δ’
1301 1586 1541 1629 οὐδεπώποθ’

206 1656 313 1696 οὗτοι
329 1655 478 1696 τούτων
497 1659 575 1696 τῶν
593 1657 807 1709 χρημάτων
827 1658 936 1708 δίκην
954 1658 1116 1710 ἔλαχον,
1136 1656 1215 1696 οὐδ’
1236 1657 1339 1697 ὅλως
1354 1654 1529 1705 ἐξέπλευ.

208 1740 279 1764 σεν
305 1724 453 1765 ἐκεῖνος
479 1723 558 1763 οὐδ’
585 1723 838 1775 ἀπεδήμησεν
867 1727 1009 1771 ἐκεῖσε,
1037 1726 1143 1776 λαβὲ
1169 1726 1238 1765 τὰς
1263 1723 1488 1775 μαρτυρίας.

760 1859 985 1886 ΜΑΡΤὙῬΙΑΙ.

267 1926 363 1967 ”Οτι
387 1929 460 1977 μὲν
479 1929 611 1968 τοίνυν
637 1927 718 1968 οὔθ’
739 1928 759 1967 ὁ
787 1930 914 1978 πατὴρ
931 1928 1029 1976 μετὰ
1047 1926 1118 1976 τὴν
1134 1926 1283 1979 ἄφεσιν
1302 1927 1349 1966 τὰ
1374 1921 1542 1978 χρήματ’

210 1993 456 2045 εἰσέπραξεν,
489 1994 569 2034 οὔτ’
595 1994 644 2035 ἂν
677 1995 821 2035 ἔδωκεν
853 1995 953 2034 ἑκὼν
977 1993 1114 2040 οὐδείς,
1144 1995 1181 2034 εἴ
1210 1992 1283 2034 τιν’
1314 1992 1495 2044 ἔπεμψεν
1524 1990 1544 2029 ὁ

211 2060 455 2113 Δημάρετος,
478 2061 558 2102 οὔτ’
580 2061 830 2102 ἀνέπλευσεν
851 2060 965 2102 αὐτὸς
981 2060 1060 2102 οὐδ’
1079 2059 1233 2112 ἀφίκετ’
1259 2062 1401 2105 ἐκεῖσε,
1424 2060 1544 2108 δῆλον

252 2181 271 2201 2
297 2175 478 2213 δημαρατον
497 2171 534 2201 S¹
553 2172 660 2202 erasis
678 2175 755 2210 post
772 2171 834 2201 hoc
852 2171 885 2200 iii
902 2170 964 2201 litt.
1104 2179 1123 2208 5
1148 2170 1223 2209 ἡμῖν
1241 2168 1336 2210 εἰσιν]
1357 2171 1438 2201 εἰσιν
1455 2168 1544 2200 αὐτοὶ

208 2216 283 2252 ἡμῖν
299 2215 331 2245 Α
488 2225 504 2253 7
531 2216 608 2246 αὐτὸ
628 2219 757 2247 σκοπῶν
776 2214 821 2245 S:
846 2217 976 2245 σκοπῶν
992 2214 1069 2245 αὐτὸ
1086 2213 1175 2252 vulg.
1335 2223 1355 2251 9
1381 2212 1430 2252 ἐν]
1450 2214 1483 2243 ἐν
1499 2214 1545 2252 τῷ

211 2258 237 2288 F
253 2269 335 2290 corr.
356 2258 404 2290 D:
433 2260 476 2291 εἷς
490 2259 548 2290 τὸν
560 2258 586 2288 F
690 2268 725 2288 11
746 2258 801 2297 δὴ]
818 2257 853 2289 δὲ
866 2258 895 2286 Α
999 2267 1037 2295 13
1055 2256 1286 2298 Ἀρίσταιχμος
1303 2261 1382 2294 post
1399 2256 1545 2294 κηδεμὼν

210 2302 242 2333 Α
346 2308 550 2344 Αριστεχμος
566 2302 589 2332 S
680 2302 731 2334 καὶ
749 2301 799 2332 A:
816 2300 856 2338 ἧν
868 2302 917 2332 καὶ
931 2300 1026 2338 SFQ
1037 2300 1066 2330 D
1170 2309 1208 2338 15
1233 2300 1361 2331 διέλυσε
1374 2298 1403 2327 Α
1506 2299 1545 2328 18

210 2350 255 2386 τῷ
271 2345 332 2385 μὴ]
352 2359 444 2384 μητω
463 2345 486 2375 S
603 2356 641 2384 19
665 2345 826 2385 πέμψαντι
845 2344 868 2374 S
883 2345 914 2374 A
930 2356 936 2375 :
960 2344 1117 2385 γράψαντι
1138 2342 1204 2381 FQ
1316 2352 1358 2371 22
1382 2345 1446 2373 τῶν
1463 2355 1543 2382 χρη-

210 2390 320 2429 μάτων
337 2389 461 2421 τούτων
478 2389 508 2418 Α
599 2400 639 2427 24
659 2394 858 2420 ΜΑΡΤΤΡῙΑ
871 2388 894 2418 S
985 2397 1026 2426 25
1044 2386 1125 2427 οὔθ’]
1139 2388 1202 2418 οὐδ’
1215 2387 1238 2416 S
1328 2387 1370 2415 26
1388 2385 1541 2424 ἔπεμψεν]

212 2434 353 2472 ἔπεμπεν
371 2433 394 2463 S
508 2444 547 2471 27
573 2433 772 2464 ἀνέπλευσεν
791 2432 963 2469 Schaeser‚
981 2431 1020 2461 cs.
1040 2431 1095 2460 viii
1114 2440 1171 2469 15:
1199 2432 1236 2462 ἂν
1254 2430 1414 2461 ἔπλευσεν
1430 2428 1528 2460 codd.

1563 867 1601 888 10

1565 1202 1602 1233 15

1565 1537 1604 1557 20
