1685 2772
73 115 200 170 [996]

87 1758 210 1814 [997]

662 124 1152 163 ΔΗΜΟΣΘΕΝΟΎΣ
1419 121 1569 175 [ΧΧΧῙΧ

232 236 409 287 βλάπτει
429 239 551 276 ποιῶν
571 239 725 287 πρῶτον
750 236 822 285 μὲν
843 233 924 285 ἐμέ,
943 234 1027 275 εἶτα
1043 237 1085 275 δὲ
1106 234 1169 274 καὶ
1184 236 1293 286 ὑμᾶς,
1313 235 1391 288 ἐγὼ
1412 234 1569 286 διδάξω,

234 305 393 345 ἐπειδὰν
418 304 472 343 ὧν
496 302 603 354 λέγω
630 301 898 355 παράσχωμαι
922 300 1130 354 μάρτυρας.

796 410 1015 439 ΜΑΡΤΤΡΕΣ.

296 479 375 521 Ὃν
399 482 472 532 μὲν
497 481 628 520 τοίνυν
647 480 794 531 τρόπον
813 480 914 530 ἡμᾶς
934 478 1158 531 ἐνέγραψεν
1177 480 1198 517 ὁ
1218 477 1357 531 πατήρ,
1378 480 1573 530 ἀκηκόατε

236 552 313 588 τῶν
348 547 567 600 μαρτύρων·
619 548 679 587 ὅτι
716 546 748 586 δ’
774 547 842 586 οὐκ
880 545 1058 597 οἰομένου
1088 546 1229 586 τούτου
1257 550 1341 586 δεῖν
1374 546 1569 597 ἐμμένειν,

237 616 394 657 δικαίως
431 616 493 655 καὶ
523 615 745 666 ἀναγκαίως
777 613 926 666 ἔλαχον
956 612 1026 663 τὴν
1054 613 1178 663 δίκην,
1205 612 1309 652 τοῦτ’
1334 612 1406 663 ἤδη
1441 613 1568 664 δείξω.

237 682 316 735 ἐγὼ
341 683 415 734 γὰρ
442 682 516 735 οὐχ
542 683 640 722 οὕτω
672 680 795 731 δήπου
826 681 963 722 σκαιός
990 679 1064 730 εἰμ’
1092 680 1298 732 ἅνθρωπος
1322 679 1404 720 οὐδ’
1432 681 1571 733 ἀλόγι-

239 767 348 796 στος,
377 750 481 790 ὥστε
505 753 585 789 τῶν
619 751 691 800 μὲν
717 746 920 803 πατρῴων,
949 748 974 788 ἃ
1003 746 1118 788 πάντ’
1144 748 1219 798 ἐμὰ
1243 748 1438 799 ἐγίγνετο,
1466 749 1572 788 ἐπει-

238 815 360 868 δήπερ
386 815 604 867 ἐποιήσατο
622 816 781 857 τούτους
807 817 827 856 ὁ
848 814 987 868 πατήρ,
1010 813 1357 868 συγκεχωρηκέναι
1374 815 1421 855 τὸ
1438 816 1571 867 τρίτον

238 885 449 934 νείμασθαι
473 883 591 936 μέρος
617 883 681 924 καὶ
710 882 894 935 στέργειν
931 883 996 923 ἐπὶ
1031 883 1167 937 τούτῳ,
1201 883 1290 935 περὶ
1320 882 1353 922 δ’
1379 883 1573 934 ὀνόματος

240 952 488 1005 ζυγομαχεῖν,
518 953 552 991 εἰ
576 951 629 1002 μὴ
654 951 700 991 τὸ
723 952 796 1002 μὲν
820 951 921 1001 ἡμᾶς
946 949 1188 1001 μεταθέσθαι
1213 949 1395 1002 μεγάλην
1415 951 1573 1001 ἀτιμίαν

238 1017 357 1070 ἔφερε
382 1019 445 1058 καὶ
471 1020 694 1070 ἀνανδρίαν,
723 1018 768 1059 τὸ
792 1020 833 1058 δὲ
859 1017 1001 1058 ταύτὸν
1025 1017 1135 1071 ἔχειν
1167 1021 1306 1058 τοῦτον
1330 1017 1424 1069 ἡμῖν
1449 1019 1573 1070 ὄνομα

238 1086 300 1125 διὰ
325 1085 443 1125 πόλλ’
469 1087 659 1126 ἀδύνατον
685 1084 744 1135 ἦν.

308 1155 474 1204 Πρῶτον
499 1155 571 1204 μὲν
597 1151 684 1204 γάρ,
714 1154 747 1193 εἰ
777 1155 838 1192 δεῖ
864 1154 912 1192 τὰ
943 1154 1054 1193 κοινὰ
1080 1155 1157 1192 τῶν
1187 1151 1294 1191 ἰδίων
1327 1153 1452 1193 εἰπεῖν
1477 1152 1571 1203 πρό-

239 1235 367 1271 τερον,
392 1219 465 1259 τίν’
489 1220 582 1270 ἡμῖν
614 1220 635 1270 ἡ
669 1220 783 1260 πόλις
810 1218 985 1269 ἐπιτάξει
1009 1219 1170 1271 τρόπον,
1198 1217 1246 1258 ἄν
1270 1235 1307 1258 τι
1331 1217 1399 1275 δέῃ
1424 1223 1571 1266 ποιεῖν;

239 1288 399 1327 οἴσουσι
425 1285 470 1336 νὴ
498 1286 567 1326 Δί’
588 1288 624 1327 οἱ
650 1285 820 1338 φυλέται
842 1285 911 1326 τὸν
936 1285 1054 1326 αὐτὸν
1079 1286 1225 1337 τρόπον
1249 1286 1369 1337 ὅνπερ
1395 1287 1459 1327 καὶ
1484 1286 1574 1328 τοὺς

241 1353 401 1395 ἄλλους.
471 1354 609 1394 οὐκοῦν
635 1354 861 1393 Μαντίθεον
882 1353 1063 1393 Μαντίου
1083 1352 1271 1404 Θορίκιον
1291 1353 1486 1400 οἴσουσιν,
1505 1354 1575 1393 ἐὰν

241 1420 416 1475 χορηγὸν
449 1416 471 1471 ἢ
505 1421 807 1474 γυμνασίαρχον
836 1416 860 1470 ἢ
891 1418 1086 1471 ἑστιάτορ’
1110 1416 1134 1469 ἢ
1164 1418 1234 1460 ἐάν
1264 1436 1302 1459 τι
1329 1423 1406 1459 τῶν
1436 1419 1575 1461 ἄλλων

241 1487 434 1541 φέρωσιν.
504 1491 556 1542 τῷ
582 1490 704 1538 δῆλον
729 1487 798 1528 οὖν
824 1486 939 1527 ἔσται
959 1487 1129 1538 πότερον
1155 1488 1204 1527 σὲ
1229 1485 1423 1539 φέρουσιν
1442 1483 1466 1537 ἢ
1484 1486 1572 1538 ἐμέ,·

242 1555 293 1596 σὺ
323 1557 397 1606 μὲν
429 1557 504 1607 γὰρ
538 1554 683 1607 φήσεις
721 1553 803 1605 ἐμέ,
844 1555 922 1606 ἐγὼ
960 1556 1001 1594 δὲ
1039 1553 1102 1594 σέ.
1175 1554 1237 1594 καὶ
1267 1553 1312 1603 δὴ
1340 1558 1454 1595 καλεῖ
1475 1556 1576 1606 μετὰ

240 1622 346 1662 τοῦθ’
362 1624 382 1662 ὁ
397 1621 531 1675 ἄρχων
546 1618 570 1673 ἢ
587 1621 682 1673 πρὸς
703 1621 823 1662 ὅντιν’
843 1620 892 1661 ἂν
907 1621 932 1677 ᾗ
945 1622 967 1672 ἡ
986 1622 1085 1672 δίκη.
1156 1620 1230 1674 οὐχ
1249 1621 1512 1673 ὑπακούομεν,
1530 1623 1576 1662 οὐ

241 1693 550 1746 λῃτουργοῦμεν.
620 1690 787 1741 πότερος
815 1693 900 1731 ταῖς
931 1690 973 1729 ἐκ
1003 1692 1082 1729 τῶν
1114 1689 1246 1740 νόμων
1274 1688 1388 1729 ἔσται
1424 1690 1576 1741 ζημίαις

242 1758 400 1810 ἔνοχος,·
438 1758 527 1797 τίνα
559 1756 592 1796 δ’
623 1759 659 1797 οἱ
691 1757 905 1809 στρατηγοὶ
941 1757 1090 1809 τρόπον
1119 1755 1408 1809 ἐγγράψουσιν,
1443 1755 1491 1798 ἂν
1521 1759 1577 1799 εἷς

244 1825 464 1875 συμμορίαν
490 1823 763 1876 ἐγγράφωσιν,
791 1821 814 1874 ἢ
841 1824 890 1864 ἂν
914 1823 1153 1878 τριήραρχον
1178 1827 1444 1872 καθιστῶσιν,·
1475 1821 1498 1875 ἢ
1529 1824 1576 1865 ἂν

244 1890 430 1943 στρατεία
456 1908 514 1933 τις
548 1890 585 1947 ᾗ,
617 1895 670 1946 τῷ
706 1894 828 1942 δῆλον
859 1891 974 1932 ἔσται
1008 1892 1172 1944 πότερός
1202 1892 1287 1932 ἐσθ’
1313 1893 1333 1932 ὁ
1372 1897 1574 1944 κατειλεγ-

243 1957 379 2008 μένος,·
432 1959 471 1999 τί
512 1957 557 2005 δ’,
589 1957 637 1998 ἂν
668 1958 773 2010 ἄλλη
799 1976 857 2001 τις
884 1959 985 2013 ἀρχὴ
1015 1962 1183 2016 καθιστῇ
1214 1963 1461 2016 λῃτουργεῖν,
1494 1960 1578 2000 οἷον

292 2078 305 2097 Ι
332 2067 402 2100 εἶτα
418 2068 452 2101 δὲ
473 2068 497 2100 S
513 2080 520 2099 ε
545 2069 615 2102 εἶτα
631 2069 719 2109 vulg.
878 2079 897 2109 5
922 2073 1099 2113 μαρτυριῶν
1115 2070 1145 2100 Α
1300 2072 1321 2101 6
1345 2072 1470 2105 δικαίως
1489 2071 1555 2103 SA
1571 2083 1579 2104 ε

245 2114 311 2144 τοῖς
326 2112 454 2144 δικαίοις
472 2113 577 2151 vulg„
598 2113 762 2144 Schaeser
780 2114 893 2145 deleto
912 2116 961 2146 καὶ
979 2125 1042 2154 quo
1061 2119 1153 2145 caret
1172 2115 1202 2144 D
1332 2125 1370 2145 12
1394 2119 1579 2158 ανανδρειαν

247 2155 272 2186 S
389 2158 508 2188 ταύτὸν
525 2157 599 2196 ἡμῖν
617 2156 715 2196 ὄνομα
734 2158 824 2197 ἔχειν
840 2161 959 2189 τοῦτον
974 2157 1005 2188 Α
1135 2168 1172 2196 14
1197 2160 1247 2190 δεῖ
1259 2168 1303 2188 ex
1320 2159 1358 2196 δὴ
1376 2158 1400 2189 S
1540 2169 1578 2198 15

247 2204 380 2240 επεταξε
398 2199 436 2229 Sl
607 2202 645 2230 16
668 2202 687 2239 ἢ
712 2203 837 2232 οἴσουσι
860 2201 966 2237 codd.v
992 2202 1032 2232 cf.
1058 2201 1144 2232 Isae.
1163 2202 1206 2231 vii
1230 2211 1292 2240 33:
1316 2202 1336 2239 ἢ
1353 2202 1418 2233 del.
1444 2200 1599 2233 Dobree'

250 2252 286 2281 17
313 2248 457 2283 Θορικιον
484 2243 564 2283 (sic)
602 2244 625 2274 S
779 2247 921 2276 οἴσουσιν
947 2245 1000 2276 ἐὰν
1018 2244 1204 2276 Schaeser:
1229 2245 1352 2276 οἵσουσί
1378 2259 1417 2285 με
1443 2247 1481 2278 ἂν
1508 2247 1580 2286 (ἐὰν

249 2286 293 2324 D)
318 2286 416 2316 codd.
578 2288 617 2317 18
641 2286 810 2328 ϊστιάτορα
827 2287 893 2318 SA
985 2289 1039 2320 ἐὰν
1058 2289 1102 2318 S:
1129 2290 1214 2320 ἄλλο
1230 2288 1319 2327 vulg.
1472 2299 1510 2328 19
1532 2293 1579 2330 τῷ

248 2329 361 2370 δῆλον]
381 2329 499 2369 incipit
516 2329 605 2368 Oxy.
630 2330 710 2370 Pap.
734 2341 816 2369 1093
916 2341 954 2361 21
981 2331 1003 2373 ᾗ
1020 2332 1038 2369 ἡ
1057 2332 1128 2369 δίκη
1145 2332 1234 2371 vulg.
1257 2331 1351 2370 Pap.‚
1371 2331 1411 2363 cs.
1428 2332 1500 2362 xliii
1519 2343 1578 2370 71:

246 2372 266 2414 ᾗ
284 2373 354 2411 δίκη
372 2373 416 2405 S:
441 2374 461 2411 ἡ
479 2374 549 2410 δίκη
568 2374 706 2412 Sauppe
722 2385 730 2405 ε
753 2373 774 2416 ᾗ
790 2374 888 2404 Blass
1061 2385 1103 2404 22
1127 2378 1197 2408 ταῖς
1216 2375 1239 2405 S
1252 2374 1303 2404 A:
1329 2375 1384 2408 οὖν
1399 2379 1470 2408 ταῖς
1486 2376 1577 2415 vulg.

248 2417 289 2446 26
311 2419 513 2458 λειτουργεῖν
530 2416 560 2446 Α
577 2429 582 2447 ;
605 2418 810 2459 λειτουργίαν
829 2418 854 2448 F
867 2417 897 2455 Q
913 2428 919 2447 :
945 2420 988 2450 εἷς
1006 2419 1211 2460 λειτουργίαν
1228 2419 1251 2450 S

1591 575 1608 606 5

1595 900 1633 922 10

1598 1238 1632 1269 15

1597 1575 1636 1596 20

1599 1909 1636 1940 ²5
