1685 2772
678 489 842 531 XXIX

280 631 438 680 ΠΡΟΣ
497 636 755 677 ΑΦΟΒΟΝ
815 637 978 678 ΥΠΕΡ
1037 638 1276 683 ΦΑΝΟΤ.

477 727 1050 769 ΨΕΤΔΟΜΑΡΤΤΡΙΩΝ

654 864 872 894 ὙΠΟΘΕΣῚΣ.

154 937 380 988 Κρινόμενος
398 939 462 987 τῆς
483 939 680 987 ἐπιτροπῆς
693 936 871 987 ’Ἄφοβος
891 936 1009 989 ἐξῄτει
1038 940 1138 989 παρὰ
1168 940 1435 990 Δημοσθένους

99 993 252 1031 Μιλύαν
286 995 335 1032 εἷς
367 993 552 1042 βάσανον,
589 993 689 1032 εἰδὼς
723 994 765 1030 οὔ
799 992 1065 1043 δοθησόμενον.
1135 995 1178 1031 οὐ
1210 996 1283 1047 γὰρ
1317 996 1435 1034 ἐδίδου

100 1046 359 1096 Δημοσθένης,
398 1047 557 1095 φάσκων
595 1048 661 1085 οὐκ
699 1048 844 1096 οἰκέτην
882 1047 970 1085 ἀλλ’
1007 1047 1201 1098 ἐλεύθερον
1240 1049 1331 1089 εἶναι
1370 1051 1435 1089 τὸν

99 1103 263 1146 Μιλύαν,
296 1100 573 1150 ἐλευθερωθένθ’
603 1101 675 1139 ὑπὸ
704 1104 769 1140 τοῦ
800 1103 948 1151 πατρός,
985 1102 1037 1140 ὅτ’
1067 1103 1248 1152 ἐτελεύτα,
1288 1106 1347 1143 καὶ
1386 1108 1435 1146 εἷς

60 1167 78 1200 5
98 1156 230 1194 τούτου
249 1156 377 1194 πίστιν
397 1156 498 1193 ἄλλα
517 1172 556 1193 τε
576 1156 828 1206 παρεχόμενος
849 1157 908 1194 καὶ
929 1156 974 1204 δὴ
997 1156 1056 1194 καὶ
1076 1159 1278 1208 μαρτυρίαν
1298 1161 1430 1207 Φάνου,

99 1209 138 1250 ὃς
150 1211 382 1260 ἐμαρτύρησε
395 1211 487 1259 πρὸς
501 1210 584 1249 τοὺς
597 1210 773 1250 δικαστὰς
788 1211 946 1259 φάσκων
959 1212 1242 1263 ὡμολογηκέναι
1255 1212 1435 1262 ”Αφοβον

100 1264 161 1302 ἐπὶ
188 1267 254 1302 τοῦ
283 1264 467 1313 διαιτητοῦ
496 1265 690 1313 ἐλεύθερον
716 1264 805 1302 εἶναι
833 1266 995 1303 Μιλύαν.
1055 1267 1168 1307 ἁλοὺς
1196 1267 1239 1317 δὴ
1268 1270 1334 1317 τῆς
1363 1271 1435 1306 ἐπι-

98 1320 238 1368 τροπ-ἧς
249 1316 428 1367 ”Αφοβος
448 1318 767 1368 ψευδομαρτυριῶν
787 1319 895 1370 Φάνῳ
916 1319 1112 1366 δικάζεται,
1133 1323 1225 1371 ὑπὲρ
1244 1322 1286 1360 οὗ
1305 1325 1435 1361 τοῦτον

97 1373 164 1412 τὸν
201 1372 316 1424 λόγον
355 1374 375 1410 ὁ
410 1372 657 1421 Δημοσθένης
692 1372 803 1424 λέγει,
846 1374 906 1412 καὶ
944 1375 1092 1424 τάληθῆ
1131 1377 1288 1424 φάσκων
1325 1377 1436 1415 αὐτὸν

41 1447 81 1470 10
97 1427 423 1477 μεμαρτυρηκέναι,
446 1426 505 1464 καὶ
524 1427 615 1475 πρὸς
634 1427 750 1478 τούτῳ
775 1427 912 1469 δεικνὺς
941 1431 987 1469 ὡς
1014 1430 1118 1468 οὐδὲν
1142 1434 1182 1469 ἐκ
1210 1432 1344 1480 ταύτης
1370 1433 1435 1479 τῆς

96 1482 297 1532 μαρτυρίας
309 1481 486 1529 ’Ἄφοβος
507 1481 676 1530 ἐβλάβη,
699 1483 801 1520 ἀλλὰ
823 1482 868 1520 δι’
890 1484 1032 1533 ἑτέρους
1057 1484 1138 1534 ἥλω
1163 1486 1360 1536 μάρτυρας,
1383 1484 1435 1526 οἷς

97 1537 164 1575 οὐκ
183 1536 482 1585 ἐπισκηψάμενος
502 1535 614 1584 δῆλός
634 1538 736 1574 ἐστιν
756 1537 948 1586 ἠδικηκώς.

166 1663 215 1703 Εἰ
246 1662 298 1714 μὴ
332 1663 522 1715 πρότερόν
553 1680 621 1714 μοι
653 1664 762 1714 δίκης
796 1662 1013 1716 γενομένης
1049 1663 1144 1716 πρὸς
1164 1663 1368 1717 ”Αφοβον,
1402 1664 1432 1705 ὦ

99 1729 235 1782 ἄνδρες
255 1731 449 1777 δικασταί,
472 1728 656 1787 συνῄδειν
676 1734 816 1786 πολλῷ
844 1731 994 1771 τούτων
1016 1731 1133 1782 μείζω
1160 1732 1222 1772 καὶ
1247 1732 1432 1784 δεινότερ’

41 1812 77 1844 15
98 1796 216 1837 αὐτοῦ
250 1797 507 1850 ψευσαμένου
540 1798 682 1852 ῥᾳδίως
716 1795 933 1850 ἐξελέγξας
970 1799 1032 1838 διὰ
1070 1797 1142 1848 τὴν
1174 1798 1433 1852 περιφάνειαν

97 1868 176 1904 τῶν
201 1863 462 1916 ἀδικημάτων,
490 1865 717 1915 θαυμασίως
741 1864 789 1905 ἂν
824 1865 874 1907 ὡς
904 1864 1166 1916 ηὐλαβούμην
1190 1865 1242 1916 μὴ
1274 1865 1337 1906 καὶ
1365 1869 1433 1907 νῦν

98 1930 144 1970 οὐ
168 1933 319 1981 δυνηθῶ
345 1929 482 1980 δεῖξαι,
509 1936 563 1987 πῇ
587 1932 879 1984 παρακρούεταί
899 1932 988 1973 ποθ’
1009 1931 1147 1972 ἕκασθ’
1172 1933 1271 1983 ὑμᾶς
1289 1932 1430 1973 αὐτῶν.

97 2000 167 2037 νῦν
191 1999 233 2038 δὲ
259 1997 333 2038 σὺν
359 2000 462 2040 θεοῖς
488 1999 624 2044 εἰπεῖν,
645 1997 769 2050 ἄνπερ
794 1999 967 2040 ἵσοικαὶ
993 1999 1116 2039 κοινοὶ
1143 1998 1307 2051 γένησθ’
1322 1999 1431 2050 ἡμῶν

97 2064 298 2116 ἀκροαταί,
325 2066 481 2106 πολλὰς
507 2065 671 2106 ἐλπίδας
695 2064 776 2118 ἔχω
807 2067 928 2116 μηδὲν
956 2065 1074 2116 ἧττον
1098 2066 1198 2117 ὑμᾶς
1222 2065 1294 2116 τὴν
1318 2066 1427 2107 ἀναί-

39 2143 79 2166 20
98 2132 206 2171 δειαν
230 2130 301 2180 τὴν
325 2131 464 2171 τούτου
487 2131 721 2183 γνώσεσθαι
745 2135 823 2172 τῶν
847 2132 1040 2184 πρότερον
1066 2132 1329 2174 δικασάντων.
1369 2132 1431 2173 καὶ

139 2237 289 2269 Titulum
308 2248 372 2269 om.
391 2238 414 2268 S
547 2239 568 2267 6
590 2239 624 2271 ὃς
643 2238 760 2270 Wolf:
783 2240 823 2278 ἢν
841 2240 1000 2272 Foerster
1020 2241 1076 2280 (N.
1094 2242 1212 2280 Jahrb.
1235 2243 1255 2275 s.
1275 2243 1318 2275 kl.
1343 2244 1428 2276 Phil.

100 2281 196 2320 1874)
213 2293 220 2312 ε
244 2284 283 2314 ὡς
305 2282 331 2312 F
346 2281 470 2312 Aldina
622 2292 660 2321 13
685 2284 712 2315 εἰ
728 2285 778 2316 καὶ
795 2285 838 2324 μὴ
857 2283 888 2314 Α
1034 2287 1074 2315 16
1099 2287 1276 2326 θαυμασίως
1296 2287 1361 2318 SA
1376 2288 1406 2318 D
1423 2299 1430 2319 :

98 2328 285 2364 θαυμαστῶς
301 2325 390 2363 vulg.
484 2327 522 2357 ὡς
540 2324 583 2357 S:
608 2327 684 2358 ἴσως
697 2325 728 2356 Α
743 2338 750 2357 :
773 2337 839 2359 om.
858 2327 883 2358 F
897 2327 925 2357 D
1027 2338 1064 2367 17
1090 2330 1343 2371 παρακρούσεται
1362 2331 1387 2361 F
1400 2331 1429 2361 D

98 2368 217 2409 αὐτῶν]
238 2368 350 2401 αὐτούς
365 2369 389 2399 S
526 2369 564 2398 18
587 2369 675 2408 ἡμῶν
691 2380 756 2400 om.
776 2370 800 2401 S
935 2381 977 2402 20
999 2371 1162 2414 προτέρων
1180 2372 1218 2403 S¹

1466 1428 1584 1484 [844]
