1685 2772
64 1142 170 1198 [εει]

773 528 956 570 ΧΧΧΙΙ

359 658 523 707 ΠΡΟΣ
570 661 947 704 ΖΗΝΟΘΕΜΙΝ
996 661 1369 702 ΠΑΡΑΓΡΑΦΗ

758 793 972 822 *mom-2212.

259 874 531 923 Δανεισάμενος
542 875 643 923 παρὰ
659 873 880 923 Δήμωνος,“
866 873 943 912 ενὸς
957 875 1029 910 τῶν
1046 871 1311 922 Δημοσθένους
1330 877 1531 943 συγγενῶν,

205 929 363 979 ἔμπορός
399 946 463 973 τις,
498 931 651 978 Πρῶτος
689 929 815 977 ὄνομα,
849 927 998 976 ἐπρίατο
1036 929 1101 965 τοῦ
1140 927 1313 978 ἀργυρίου
1351 931 1457 966 σῖτον
1495 931 1533 966 ἐν

205 984 469 1033 Συρακούσαις,
506 984 565 1020 καὶ
602 985 733 1020 τοῦτον
772 982 945 1031 ἐκόμισεν
983 983 1032 1021 εἷς
1070 980 1230 1030 Ἀθήνας
1269 982 1329 1019 ἐπὶ
1367 983 1453 1023 νεὼς
1489 982 1532 1031 ἧς

203 1038 456 1089 “Ηγέστρατος
482 1037 708 1086 ἐναυκλήρει.
769 1036 1022 1087 Ἡγέστρατος
1049 1035 1086 1073 δὲ
1117 1036 1176 1073 καὶ
1206 1035 1417 1085 Ζηνόθεμις,
1442 1038 1534 1086 πρὸς

205 1092 245 1129 ὃν
275 1095 376 1130 ἐστιν
403 1093 426 1141 ἡ
454 1091 699 1143 παραγραφή,
732 1093 1012 1128 Μασσαλιῶται
1037 1091 1106 1139 μὲν
1133 1089 1232 1138 ἦσαν
1259 1091 1301 1128 τὸ
1329 1091 1445 1142 γένος,
1468 1108 1532 1129 κα-

207 1163 396 1197 κουργημα
417 1146 455 1184 δὲ
474 1148 640 1184 τοιοῦτον
661 1148 698 1183 ἐν
720 1144 1009 1194 Συρακοισαις’
994 1145 1283 1196 εκακούργησαν,
1307 1146 1353 1184 ὡς
1374 1146 1393 1182 ὁ
1413 1146 1533 1195 ῥήτωρ

207 1201 336 1249 φησίν.
395 1201 629 1239 ἐδανείσαντο
657 1200 841 1250 χρήματα,
871 1201 987 1237 ταῦτα
1021 1198 1051 1236 δ’
1085 1201 1134 1239 εἷς
1162 1201 1230 1248 μὲν
1256 1199 1323 1247 τὴν
1351 1202 1438 1237 ναῦν
1467 1217 1534 1238 ουκ

208 1255 382 1299 ἐιέθεντο,
403 1255 525 1305 λάθρα
550 1255 582 1293 δ’
604 1257 653 1294 εἷς
671 1255 738 1303 τὴν
759 1254 996 1292 Μασσαλίαν
1017 1253 1291 1298 ἆπέστειλαν,’
1276 1256 1534 1303 αποστερῆσαι

207 1310 292 1349 τοὺς
317 1309 556 1350 δανείσαντας
580 1309 886 1359 βεβουλευμένοι.
947 1308 1072 1356 ἐπειδὴ
1098 1309 1171 1359 γὰρ
1201 1308 1395 1360 ἐγέγραπτ’
1420 1311 1458 1347 ἐν
1482 1313 1532 1361 τῷ

208 1364 443 1416 συμβολαίῳ,
480 1366 510 1402 εἰ
547 1364 659 1402 πάθοι
696 1381 730 1401 τι
766 1366 789 1413 ἡ
829 1365 923 1410 ναῦς,
962 1362 1015 1413 μὴ
1050 1363 1287 1401 ἀπαιτεῖσθαι
1320 1363 1450 1404 αὐτοὺς
1487 1365 1533 1402 τὰ

206 1419 390 1470 χρήματα,
421 1420 625 1469 ἐσκέψαντο
655 1419 857 1457 καταδῦσαι
886 1418 954 1467 τὴν
987 1420 1088 1456 ναῦν.
1146 1417 1283 1467 νύκτωρ
1316 1417 1380 1457 οὖν
1413 1421 1450 1456 ἐν
1482 1420 1534 1470 τῷ

207 1476 291 1524 πλῷ
320 1474 507 1512 κατελθὼν
535 1475 554 1512 ὃ
582 1471 836 1525 εΗγέστρατος
861 1473 1027 1511 διέκοπτε
1055 1475 1120 1510 τοῦ
1148 1473 1282 1510 πλοίου
1309 1473 1352 1511 τὸ
1382 1472 1530 1521 ἔδαφος.

207 1527 389 1578 φωραθεὶς
405 1528 443 1566 δὲ
459 1529 518 1566 καὶ
533 1528 678 1580 φεύγων
692 1528 776 1568 τοὺς
791 1528 972 1578 ἐπιβάτας
988 1530 1036 1567 εἷς
1051 1527 1118 1576 τὴν
1132 1527 1332 1566 θάλασσαν
1348 1529 1533 1566 εἰσπίπτει

208 1583 268 1621 καὶ
293 1582 504 1633 παραχρῆμ’
533 1583 756 1620 ἀπόλλυται.
815 1584 835 1621 ὁ
860 1583 982 1621 τοίνυν
1007 1582 1217 1633 Ζηνόθεμις,
1240 1584 1259 1620 ὅ
1287 1584 1465 1628 κοινωνός,
1488 1584 1533 1623 ὥς

207 1641 327 1686 φησιν
356 1638 375 1675 ὅ
403 1638 534 1686 ῥήτωρ,
558 1640 623 1675 τοῦ
650 1638 916 1689 Ἡγεστράτου,
946 1638 1056 1687 μόλις
1084 1638 1269 1687 σωθείσης
1299 1641 1347 1678 εἷς
1374 1636 1534 1688 Ἀθήνας

206 1693 272 1740 τῆς
291 1691 386 1734 νεώς,
407 1692 644 1741 ἠμφισβήτει
663 1694 727 1730 τοῦ
745 1693 862 1737 σίτου,
878 1693 998 1743 λέγων
1013 1692 1103 1731 εἶναι
1121 1693 1186 1731 τὸν
1201 1696 1307 1731 σῖτον
1325 1693 1533 1744 Ἡγεστρά-

208 1762 284 1790 του,
307 1749 441 1784 ἐκεῖνον
462 1747 499 1784 δὲ
518 1745 603 1795 παρ’
623 1749 752 1785 ἑαυτοῦ
772 1747 1002 1785 δεδανεῖσθαι
1024 1748 1210 1798 χρήματα.
1269 1751 1475 1786 ἐνστάντων
1495 1747 1533 1785 δὲ

208 1801 305 1851 αὐτῷ
328 1803 393 1838 τοῦ
419 1818 459 1838 τε
485 1802 640 1849 Πρώτου
666 1802 726 1839 καὶ
750 1804 815 1839 τοῦ
839 1803 1026 1851 Δήμωνος,
1050 1803 1272 1852 ἀμφοτέροις
1298 1803 1410 1853 ἔλαχε
1430 1802 1533 1851 δίκην

209 1855 421 1904 ἐμπορικήν.
479 1855 539 1893 καὶ
566 1856 631 1894 τὸν
660 1858 815 1905 Πρῶτον
844 1858 885 1902 ἐξ
913 1857 1048 1906 ἐρήμης
1074 1858 1168 1895 ἑλὼν
1195 1858 1333 1905 ἑκόντα,
1363 1857 1409 1897 ὥς
1434 1861 1533 1906 φησι

209 1910 463 1958 Δημοσθένης,
498 1910 558 1947 καὶ
595 1913 955 1963 συγκακουργοῦντα,
991 1912 1134 1963 εἰσάγει
1171 1912 1230 1949 καὶ
1266 1912 1331 1949 τὸν
1370 1911 1533 1962 Δήμωνα

208 1963 374 2012 δεύτερον
394 1965 442 2003 εἷς
461 1964 503 2001 τὸ
523 1964 769 2014 δικαστήριον.
830 1967 849 2004 ὁ
865 1965 902 2003 δὲ
917 1967 1202 2017 παραγράφεται
1216 1983 1268 2015 μη
1285 1966 1534 2017 εἰσαγώγιμον

208 2017 299 2055 εἶναι
331 2018 398 2066 τὴν
430 2018 542 2067 δικην,
570 2020 683 2068 νόμον
712 2021 963 2071 παρεχόμενος
990 2021 1054 2058 τὸν
1083 2020 1228 2058 διδόντα
1256 2023 1332 2060 τοῖς
1360 2020 1534 2070 εμπόροις

207 2088 271 2111 τας
291 2071 391 2112 δίκας
411 2072 500 2109 εἶναι
518 2073 600 2122 περὶ
619 2076 690 2111 τῶν
704 2072 884 2124 Ἀθήναζε
897 2075 956 2112 καὶ
971 2077 1042 2112 τῶν
1056 2073 1261 2123 Ἀθήνηθεν
1276 2075 1533 2124 συμβολαίων·

158 2136 182 2170 4
211 2126 427 2175 Ζηνοθέμιδι
447 2127 486 2164 δέ
506 2131 604 2176 φησι
623 2128 737 2178 μηδὲν
756 2129 996 2178 συμβόλαιον
1022 2129 1111 2167 εἶναι
1136 2130 1227 2178 πρὸς
1253 2129 1375 2167 αὑτόν.
1434 2129 1494 2166 καὶ
1515 2130 1534 2166 ὁ

207 2181 276 2230 μὲν
296 2181 395 2231 ἀγών
416 2184 496 2218 ἐστι
520 2183 813 2234 παραγραφικός,
838 2185 856 2221 ὁ
884 2183 922 2221 δὲ
947 2183 1071 2233 λόγος,
1093 2184 1139 2222 ὡς
1164 2185 1229 2231 τῆς
1250 2183 1450 2223 εὐθυδικίας
1468 2185 1534 2221 τοῦ

209 2234 424 2285 πράγματος
450 2237 680 2286 εἷσηγμένης,
708 2238 819 2277 οὕτως
847 2238 985 2286 εἴρηται
1011 2238 1096 2286 περὶ
1120 2239 1186 2275 τοῦ
1211 2237 1262 2286 μὴ
1290 2237 1534 2287 Ζηνοθέμιδος

208 2288 298 2326 εἶναι
330 2290 394 2326 τὸν
426 2292 542 2336 σῖτον,
580 2293 681 2328 ἀλλὰ
719 2294 783 2329 τοῦ
818 2292 983 2341 Πρώτου,
1021 2291 1048 2343 ᾧ
1082 2293 1101 2330 ὁ
1131 2291 1269 2340 Δήμων
1299 2292 1460 2329 ἐδάνεισε
1490 2292 1533 2329 τὸ

255 2403 290 2424 11
317 2396 491 2426 καταδῦσαι
511 2394 660 2425 Reiske:
686 2397 867 2427 καταλῦσαι
891 2395 980 2434 vulg.
1214 2396 1252 2426 18
1279 2397 1362 2438 αὐτῷ
1381 2395 1532 2427 Reiske:

208 2440 311 2470 αὐτῶν
330 2438 394 2468 FD
485 2439 626 2469 alterum
645 2441 702 2470 τοῦ
720 2439 863 2470 Aldina:
887 2450 950 2470 om.
971 2439 1036 2470 FD

1555 1379 1594 1402 10

1554 1650 1592 1682 15

1554 1925 1594 1948 20

1555 2186 1593 2229 ²5¹
