1685 2772
140 94 240 150 xxx]
516 98 678 136 ΠΡΟΣ
725 97 1031 135 οΝΗΤοΡΑ
1079 97 1113 135 Α
1502 87 1615 143 [867]

204 209 311 261 Ἐγὼ
345 209 478 249 τοίνυν
514 206 840 260 ὁμολογουμένως
876 207 976 247 οὕτω
1012 205 1119 246 ταῦτ’
1153 205 1390 259 ἐξελεγχων,
1423 207 1473 249 ὡς
1507 222 1548 255 14

137 276 216 317 οὐδ’
234 277 402 328 ὕστερον
421 273 638 321 ἀπέδοσαν,
665 274 774 325 οἶμαι
789 275 933 328 ῥᾳδίως
953 271 1163 323 ἐπιδείξειν
1182 272 1228 323 ἐξ
1244 274 1371 313 αὐτῶν
1396 278 1472 314 τῶν

136 341 437 395 πεπραγμένων,
470 341 568 382 ὥσθ’
597 342 689 392 ὑμῖν
719 340 908 394 γενέσθαι
941 340 1130 393 φανερόν,
1161 340 1220 379 ὅτι
1257 339 1328 380 κᾶν
1357 341 1391 380 εἶ
1419 340 1471 390 μὴ

137 410 202 451 ἐπὶ
234 410 400 455 τούτοις,
428 408 519 449 ἀλλ’
545 409 611 449 ἐπὶ
644 412 698 463 τῷ
731 409 796 448 διὰ
827 406 985 460 ταχέων
1017 407 1233 448 ἀποδοῦναι
1263 407 1473 459 τάργύριον

97 490 114 521 5
136 477 259 530 εἶχον,
301 477 369 516 οὐκ
406 476 454 516 ἄν
491 475 577 515 ποτ’
615 475 820 516 ἀπέδοσαν
856 473 936 516 οὐδ’
972 473 1021 515 ἂν
1056 477 1253 526 προεῖντο·
1289 474 1472 516 τοιαύτας

135 543 310 596 ἀνάγκας
335 543 444 596 εἶχεν
469 542 601 585 αὐτοῖς
628 542 676 582 τὸ
709 544 884 595 πρᾶγμα.
955 542 1023 582 δύο
1051 543 1124 592 μὲν
1153 539 1228 593 γάρ
1261 541 1372 581 ἐστιν
1404 540 1471 590 ἔτη
1506 548 1544 584 15

134 612 182 651 τὰ
206 609 353 661 μεταξὺ
378 613 446 650 τοῦ
471 609 713 661 συνοικῆσαί
732 626 776 650 τε
799 608 871 659 τὴν
890 611 1056 661 γυναῖκα
1076 608 1138 649 καὶ
1164 610 1295 660 φῆσαι
1312 608 1472 648 τούτους

134 679 378 727 πεποιῆσθαι
402 677 474 727 τὴν
494 678 729 729 ἀπόλειψιν·
768 675 942 728 ἐγήματο
961 677 1034 726 μὲν
1053 676 1128 727 γὰρ
1150 675 1215 715 ἐπὶ
1234 673 1472 724 Πολυζήλου
1503 668 1626 724 [868]

135 744 329 797 ἄρχοντος
349 748 660 796 σκιροφοριῶνος
679 743 814 794 μηνός,
835 742 859 793 ἡ
880 741 913 782 δ’
933 743 1150 795 ἀπόλειψις
1177 741 1332 794 ἐγράφη
1351 757 1468 781 ποσι-

73 827 112 851 10
135 813 278 852 δεῶνος
314 810 436 861 μηνὸς
473 810 536 850 ἐπὶ
571 809 853 861 Τιμοκράτους·
897 809 975 861 ἐγὼ
1011 808 1043 849 δ’
1073 808 1215 849 εὐθέως
1248 809 1347 859 μετὰ
1381 807 1471 850 τοὺς

134 876 282 930 γάμους
302 877 554 928 δοκιμασθεὶς
573 876 787 917 ἐνεκάλουν
804 876 866 916 καὶ
885 876 1009 928 λόγον
1025 873 1211 931 ἀπῄτουν,
1231 876 1292 915 καὶ
1312 873 1470 915 πάντων

135 944 476 997 ἀποστερούμενος
495 945 565 985 τὰς
585 944 693 985 δίκας
713 942 941 996 ἐλάγχανον
959 942 1022 983 ἐπὶ
1041 946 1108 982 τοῦ
1127 941 1244 981 αὐτοῦ
1262 941 1469 995 ἄρχοντος.

135 1013 155 1051 ὁ
180 1012 226 1062 δὴ
251 1013 395 1065 χρόνος
428 1010 541 1052 οὗτος
574 1011 793 1062 ὀφειλῆσαι
821 1011 894 1061 μὲν
918 1008 1122 1062 ἐνδέχεται
1152 1009 1248 1048 κατὰ
1277 1010 1346 1050 τὰς
1376 1009 1468 1059 ὁμο-
1503 1010 1546 1044 16

133 1079 287 1130 λογίας,
315 1079 529 1118 ἀποδοῦναι
555 1077 587 1117 δ’
614 1077 682 1117 οὐκ
709 1077 794 1130 ἔχει
818 1077 968 1117 πίστιν.
1039 1075 1081 1117 ὃς
1105 1076 1180 1128 γὰρ
1210 1077 1272 1115 διὰ
1296 1074 1402 1115 ταῦτ’
1428 1074 1475 1125 ἐξ

77 1155 113 1186 15
134 1145 260 1198 ἀρχῆς
290 1146 472 1197 ὀφείλειν
499 1146 627 1185 εἵλετο
663 1144 725 1184 καὶ
758 1144 875 1184 τόκον
901 1142 1051 1196 φέρειν,
1079 1143 1144 1183 ἵνα
1172 1141 1224 1193 μὴ
1255 1142 1471 1182 κινδυνεύοι

134 1212 156 1262 ἡ
184 1211 303 1263 προὶξ
322 1214 421 1262 μετὰ
440 1214 509 1262 τῆς
534 1212 662 1262 ἄλλης
688 1212 840 1257 οὐσίας,
863 1214 945 1252 πῶς
972 1210 1086 1251 οὗτος
1111 1209 1159 1250 ἂν
1179 1209 1378 1249 ἀπέδωκεν
1396 1208 1469 1259 ἤδη

134 1277 204 1328 τὴν
230 1280 339 1329 δίκην
370 1280 607 1331 φεύγοντος;
645 1278 688 1320 ὃς
720 1280 753 1319 εἰ
788 1278 851 1318 καὶ
883 1276 964 1317 τότ’
991 1277 1238 1322 ἐπίστευσεν,
1274 1275 1471 1326 τηνικαῦτ’

133 1344 182 1386 ἂν
218 1346 444 1397 ἀπολαβεῖν
482 1345 687 1396 ἐζήτησεν.
762 1345 830 1385 οὐκ
864 1344 996 1384 ἔνεστι
1029 1342 1236 1394 δήπουθεν,
1271 1341 1300 1382 ὦ
1334 1342 1472 1395 ἄνδρες

135 1414 332 1453 δικασταί.
403 1414 509 1453 ἀλλὰ
541 1412 618 1463 μὴν
644 1412 695 1454 ὣς
732 1411 906 1464 ἐγήματο
939 1410 1058 1462 μὲνὴ
1089 1409 1185 1463 γυνὴ
1213 1408 1296 1449 καθ’
1322 1408 1367 1450 ὃν
1393 1410 1471 1461 ἐγὼ
1507 1417 1547 1451 17

76 1491 116 1514 20
133 1478 240 1531 λέγω
274 1480 432 1534 χρόνον,
467 1480 659 1520 ἀντίδικοι
693 1479 726 1519 δ’
755 1479 868 1529 ἡμεῖς
897 1478 969 1529 ἤδη
999 1477 1096 1530 πρὸς
1125 1475 1325 1526 ἀλλήλους
1351 1477 1393 1517 ἐν
1418 1479 1471 1531 τῷ

133 1545 280 1598 μεταξὺ
321 1547 452 1601 χρόνῳ
496 1546 756 1597 κατέστημεν,
794 1547 963 1597 ὕστερον
1005 1544 1037 1584 δ’
1069 1541 1092 1594 ἢ
1134 1544 1212 1596 ἐγὼ
1253 1542 1324 1593 τὴν
1359 1544 1471 1594 δίκην

134 1612 285 1667 ἔλαχον
309 1612 381 1663 τὴν
405 1614 624 1665 ἀπόλειψιν
649 1613 755 1653 οὗτοι
780 1615 877 1665 πρὸς
901 1611 969 1652 τὸν
987 1610 1147 1664 ἄρχοντ’
1168 1609 1466 1663 ἀπεγράψαντο,

134 1679 241 1731 λαβέ
263 1697 329 1732 μοι
355 1680 438 1720 καθ’
465 1680 634 1721 ἕκαστον
658 1680 802 1722 ταύτας
825 1680 895 1721 τὰς
918 1678 1138 1731 μαρτυρίας.

688 1801 898 1828 ΜΑΡΤΤΡῙΑ-

78 1872 115 1903 ²5
204 1866 319 1905 Μετὰ
354 1865 486 1904 τοίνυν
521 1867 658 1904 τοῦτον
691 1863 758 1904 τὸν
795 1863 971 1916 ἄρχοντα
1009 1863 1310 1915 Κηφισόδωρος,
1344 1863 1468 1903 Χίων.

135 1932 200 1972 ἐπὶ
224 1932 374 1972 τούτων
400 1930 613 1971 ἐνεκάλουν
638 1931 905 1980 δοκιμασθείς,
935 1931 1084 1983 ἔλαχον
1110 1931 1151 1970 δὲ
1175 1929 1247 1979 τὴν
1272 1929 1380 1980 δίκην
1406 1929 1470 1970 ἐπὶ

137 1997 417 2050 Τιμοκράτους.
487 1999 594 2047 λαβὲ
619 1997 764 2047 ταύτην
788 1996 859 2046 τὴν
883 1998 1108 2048 μαρτυρίαν.

184 2117 197 2137 1
226 2105 378 2147 ἐλέγχων
396 2105 422 2135 F
437 2116 443 2136 :
470 2104 603 2145 ἐλέγχω
622 2104 651 2134 D
755 2106 795 2136 ὡς
812 2105 876 2136 οὐδ’
894 2103 960 2134 SA
975 2115 983 2134 :
1008 2105 1047 2136 ὡς
1066 2104 1094 2136 δ’
1112 2103 1137 2134 F
1149 2104 1179 2134 D
1325 2113 1345 2143 3
1369 2104 1429 2136 κᾶν
1445 2105 1472 2136 εἰ

137 2150 198 2191 μὴ]
217 2151 302 2189 εἰμὴ
321 2150 372 2180 καὶ
393 2148 416 2179 S
583 2149 604 2177 6
629 2149 720 2179 ἐστιν
737 2147 784 2178 S:
807 2147 847 2185 ἣν
862 2147 952 2186 vulg.
1101 2158 1122 2187 9
1146 2149 1355 2179 ποσειδεῶνος
1371 2147 1468 2178 codd.

140 2194 278 2233 (-αιῶνος
296 2192 357 2231 Α),
382 2192 442 2222 sed
460 2191 499 2222 cf.
520 2190 763 2221 Meisterhans³
779 2201 810 2230 p.
829 2200 871 2229 54
1016 2200 1055 2221 10
1072 2190 1185 2223 εὐθέως
1203 2190 1226 2221 S
1242 2202 1248 2222 :
1275 2191 1362 2223 εὐθὺς
1378 2191 1468 2228 vulg.

142 2246 243 2267 10-11
271 2236 473 2275 δοκιμασθεὶς
489 2235 572 2274 μετὰ
588 2235 662 2266 τοὺς
677 2234 799 2275 ’γάμους
816 2233 848 2263 Α
984 2243 1022 2264 12
1047 2235 1104 2267 τὰς
1122 2244 1186 2265 om.
1207 2233 1256 2273 Sl,
1270 2234 1470 2273 compendio

138 2290 221 2311 sscr.
241 2280 316 2310 add.
337 2279 410 2309 ead.
429 2288 472 2309 m.
602 2287 640 2316 15
664 2279 723 2309 τὸν
740 2277 836 2309 τόκον
852 2277 883 2307 Α
995 2286 1033 2307 21
1061 2277 1086 2309 δ’
1104 2276 1141 2318 ἢ]
1160 2278 1197 2315 δὴ
1216 2277 1262 2308 S:
1288 2278 1314 2309 δ’
1330 2275 1349 2318 ᾗ
1365 2277 1414 2307 A:
1441 2277 1468 2308 δ’

140 2323 167 2354 F
179 2323 209 2353 D
366 2332 407 2352 22
431 2323 450 2360 ἢ
468 2326 544 2361 post
563 2321 685 2361 ἔλαχον
702 2321 777 2351 add.
794 2330 876 2351 sscr.
898 2319 922 2351 S
941 2330 1029 2351 corr.
1184 2319 1260 2360 τὴν]
1279 2321 1340 2358 τὴν
1356 2321 1384 2352 δ’
1403 2320 1427 2350 F
1439 2319 1469 2349 D

140 2365 227 2398 οὗτοι
247 2391 254 2398 .
273 2389 280 2396 .
300 2390 307 2396 .
328 2366 461 2407 ἄρχοντ’
478 2375 543 2395 om.
562 2364 594 2394 A
682 2373 724 2403 23
749 2363 816 2396 καθ’
836 2363 990 2402 ἕκαστον]
1008 2365 1059 2395 καὶ
1075 2363 1106 2393 Α
1188 2374 1229 2401 24
1254 2368 1468 2396 ΜΑΡΤΎΡΙΑΙ

139 2410 236 2441 codd.
253 2422 258 2441 :
284 2419 367 2440 corr.
389 2409 507 2448 Auger
596 2418 635 2447 27
661 2407 764 2449 λαβὲ]
782 2406 869 2444 λαβέ
883 2420 935 2447 μοι
951 2406 983 2437 Α
1071 2406 1193 2446 ταύτην
1210 2417 1274 2438 om.
1293 2406 1321 2436 A
