1685 2772
114 126 229 182 [914]

186 258 230 293 26

115 452 229 507 [915]

187 601 229 635 27

186 995 230 1028 28

185 1472 229 1507 29

184 1941 230 1974 30

675 131 1203 187 [ΔΗΜΟΣΘΕΝΟΎΣ]
1441 133 1590 187 [xxxw

261 247 448 295 ἀπέδωκε,
467 248 572 300 τρισὶ
591 247 652 288 καὶ
677 246 769 287 δέκα
783 251 897 298 μναῖς
924 245 1067 293 πλέον;
1107 248 1170 287 καὶ
1190 251 1271 289 τοῖς
1295 249 1367 297 μὲν
1387 249 1434 287 τὰ
1460 249 1589 300 ἑτερό-

262 321 368 356 πλοα
386 316 597 355 δανείσασι
620 315 735 365 μόλις
761 315 953 366 τάρχαῖον
973 313 1235 359 ἀποδέδωκας,
1254 314 1290 354 οἳ
1316 313 1591 356 συνέπλευσάν

264 399 329 422 σοι
362 382 424 421 καὶ
456 381 737 434 προσήδρευον·
793 380 917 434 τούτῳ
954 383 995 421 δὲ
1024 385 1075 435 τῷ
1104 380 1156 431 μὴ
1189 381 1353 432 παρόντι
1388 380 1432 421 οὗ
1467 383 1592 432 μόνον

263 449 432 501 τάρχαῖα
458 448 520 487 καὶ
545 448 635 489 τοὺς
659 448 797 489 τόκους
822 448 1040 493 ἀπεδίδους,
1060 448 1166 487 ἀλλὰ
1193 447 1321 487 καὶτὰ
1347 449 1520 499 ἐπιτίμια
1544 450 1592 489 τὰ

263 517 304 555 ἐκ
336 518 404 565 τῆς
436 517 671 567 συγγραφῆς
704 514 896 559 ἀπέτινες,
934 514 1115 564 οὐδεμιᾶς
1149 531 1214 554 σοι
1247 514 1419 566 ἀνάγκης
1448 515 1589 566 οὔσης;
1611 532 1628 562 5

263 583 462 623 κάκείνους
478 584 549 632 μὲν
569 581 636 621 οὐκ
662 583 835 626 ἐδεδίεις,
855 582 912 622 οἷς
930 582 969 620 αἱ
987 582 1217 633 συγγραφαὶ
1244 582 1286 621 ἐν
1307 582 1499 636 Βοσπόρῳ
1520 582 1591 632 τὴν

262 647 404 701 πρᾶξιν
421 650 607 689 ἐδίδοσαν
626 653 693 689 τοῦ
712 648 878 688 δανείου·
916 648 1054 688 τούτου
1073 650 1114 688 δὲ
1133 648 1211 700 φὴς
1231 649 1467 700 φροντίζειν,
1486 647 1531 689 ὃν
1548 649 1595 700 ἐξ

261 717 385 768 ἀρχῆς
410 716 521 757 εὐθὺς
545 715 691 765 ἠδίκεις
717 716 785 755 οὐκ
813 714 1021 765 ἐνθέμενος
1045 716 1094 755 τὰ
1118 713 1301 767 χρήματα
1326 716 1380 757 εἰς
1405 715 1476 765 τὴν
1497 719 1590 757 ναῦν

262 785 360 823 κατὰ
384 783 454 833 τὴν
474 782 713 835 συγγραφὴν
731 781 968 832 Ἀθήνηθεν;
1002 782 1063 822 καὶ
1078 785 1147 822 νῦν
1162 784 1235 832 μὲν
1254 783 1309 824 εἷς
1334 782 1378 822 τὸ
1404 784 1591 834 ἐμπόριον

261 850 378 901 ἥκων,
406 850 449 889 οὗ
474 850 518 890 τὸ
543 851 795 901 συμβόλαιον
821 848 991 901 ἐγένετο,
1019 849 1087 889 οὐκ
1111 850 1238 890 ὀκνεῖς
1264 850 1497 902 ἀποστερεῖν
1521 853 1591 891 τὸν
1613 868 1651 890 10

263 918 512 958 δανείσαντα·
545 919 586 957 ἐν
607 918 801 971 Βοσπόρῳ
818 918 860 957 δὲ
876 917 998 956 πλείω
1019 919 1097 957 τῶν
1116 917 1275 957 δικαίων
1291 916 1370 969 φὴς
1389 921 1528 964 ποιεῖν,
1546 918 1590 958 οὗ

262 986 371 1035 δίκην
402 985 469 1025 οὐκ
495 984 661 1035 ἔμελλες
694 984 857 1030 δώσειν;
902 984 964 1024 καὶ
992 986 1029 1024 οἱ
1057 985 1131 1035 μὲν
1163 983 1285 1024 ἄλλοι
1306 983 1450 1026 πάντες
1476 986 1511 1025 οἱ
1543 987 1590 1025 τὰ

261 1052 572 1104 ἀμφοτερόπλοα
608 1052 886 1101 δανειζόμενοι,
925 1051 1018 1090 ὅταν
1059 1049 1392 1092 ἀποστέλλωνται
1433 1053 1476 1092 ἐκ
1513 1056 1589 1093 τῶν

260 1120 469 1170 ἐμπορίων,
490 1118 664 1159 πολλοὺς
681 1119 956 1170 παρίστανται,
976 1118 1326 1169 ἐπιμαρτυρόμενοι
1345 1119 1404 1158 ὅτι
1423 1120 1471 1158 τὰ
1490 1118 1566 1172 χρή

260 1202 363 1236 ματα
388 1185 458 1236 ἤδη
477 1185 739 1225 κινδυνεύεται
753 1188 806 1238 τῷ
823 1186 1063 1224 δανείσαντι·
1101 1184 1152 1224 σὺ
1169 1184 1201 1224 δ’
1221 1185 1278 1224 ἑνὶ
1298 1183 1467 1234 σκήπτει
1488 1184 1586 1238 μάρ-
1612 1202 1649 1234 15

262 1269 345 1304 τυρι
369 1252 470 1306 αὐτῷ
496 1257 547 1306 τῷ
569 1255 852 1297 συναδικοῦντι,
873 1251 935 1291 καὶ
961 1251 1049 1290 οὔτε
1073 1254 1142 1291 τὸν
1162 1253 1283 1291 παῖδα
1306 1251 1374 1291 τὸν
1399 1251 1589 1303 ἡμέτερον

262 1319 490 1371 παρέλαβες
516 1320 557 1359 ἐν
591 1319 784 1372 Βοσπόρῳ
815 1319 910 1357 ὄντα
945 1317 1034 1358 οὔτε
1066 1317 1134 1357 τὸν
1168 1319 1368 1364 κοινωνόν,
1395 1318 1484 1359 οὐδὲ
1518 1320 1588 1361 τὰς

261 1387 476 1426 ἐπιστολὰς
503 1385 703 1426 ἀπέδωκας
725 1386 869 1431 αὐτοῖς,
890 1384 936 1426 ἃς
950 1384 1061 1435 ἡμεῖς
1078 1383 1337 1435 ἐπεθήκαμεν,
1355 1386 1398 1425 ἐν
1414 1386 1474 1426 αἷς
1499 1384 1585 1437 ἐγέ-

261 1469 411 1505 γραπτο
436 1455 746 1504 παρακολουθεῖν
769 1469 836 1491 σοι
855 1452 911 1493 οῖς
931 1450 979 1491 ἂν
1005 1450 1197 1508 πράττῃς;
1238 1453 1376 1498 καίτοι,
1395 1449 1425 1491 ὦ
1450 1451 1588 1504 ἄνδρες

261 1518 455 1566 δικασταί,
473 1520 513 1559 τί
535 1520 603 1560 οὐκ
628 1519 676 1559 ἂν
695 1519 878 1571 πράξειεν
897 1519 917 1557 ὁ
941 1522 1127 1564 τοιοῦτος,
1150 1519 1263 1561 ὅστις
1286 1518 1496 1571 γράμματα
1515 1524 1586 1559 λα-
1609 1536 1649 1558 20

260 1588 347 1637 βὼν
371 1586 422 1638 μὴ
449 1586 695 1627 ἀποδέδωκεν
721 1587 843 1638 ὀρθῶς
878 1586 940 1626 καὶ
969 1587 1145 1633 δικαίως,·
1188 1582 1212 1635 ἦ
1237 1589 1319 1627 πῶς
1344 1586 1388 1625 οὐ
1413 1587 1589 1639 φανερόν

262 1655 372 1694 ἐστιν
386 1655 475 1704 ὑμῖν
491 1653 536 1694 τὸ
551 1654 687 1694 τούτου
707 1654 957 1705 κακούργημα
977 1652 1024 1703 ἐξ
1041 1652 1168 1693 αὐτῶν
1184 1654 1238 1693 ὧν
1255 1652 1446 1705 ἔπραττεν
1452 1670 1465 1700 ,·
1504 1655 1584 1694 καί-

260 1738 333 1766 τοι,
355 1718 384 1760 (T)
408 1723 457 1773 γῆ
479 1722 541 1761 καὶ
568 1721 661 1767 θεοί,
684 1720 883 1773 προσῆκέν
902 1738 947 1773 γε
965 1724 1132 1761 τοσοῦτο
1151 1721 1318 1774 χρυσίον
1338 1721 1585 1767 ἀποδιδόντα,

263 1789 324 1828 καὶ
343 1786 467 1828 πλέον
485 1791 552 1827 τοῦ
576 1789 847 1838 δανείσματος,
869 1789 1111 1840 περιβόητον
1131 1791 1257 1828 ποιεῖν
1278 1789 1320 1828 ἐν
1335 1788 1387 1842 τῷ
1399 1788 1584 1842 ἐμπορίῳ,

262 1855 324 1894 καὶ
349 1858 592 1906 παρακαλεῖν
615 1855 763 1897 πάντας
791 1856 1032 1908 ἀνθρώπους,
1055 1859 1211 1907 πρῶτον
1232 1857 1272 1896 δὲ
1297 1858 1364 1895 τὸν
1380 1858 1500 1895 παῖδα
1519 1854 1587 1895 τὸν
1607 1875 1646 1907 25

260 1922 397 1962 τούτου
423 1921 484 1962 καὶ
509 1926 576 1962 τόν
601 1923 802 1963 κοινωνόν·
842 1925 930 1963 ἴστε
955 1925 1032 1976 γὰρ
1057 1922 1180 1973 δήπου
1206 1921 1348 1963 πάντες
1373 1923 1432 1962 ὅτι
1458 1923 1584 1962 δανεί-

307 2043 321 2063 Ι
348 2034 488 2066 ἀπέδωκε
507 2033 552 2064 S:
578 2034 757 2067 ἀποδέδωκε
777 2035 864 2070 vulg.
887 2034 982 2071 (-e'vat
1001 2033 1046 2071 Α)
1169 2036 1248 2072 μνᾶς
1268 2032 1318 2071 Sl,
1344 2043 1429 2064 corr.
1450 2033 1521 2065 ead.
1540 2043 1584 2064 m.

262 2078 450 2118 ἑτεροπλοια
467 2077 491 2108 S
677 2089 695 2108 2
719 2079 876 2119 τάρχαῖον
894 2078 917 2108 S
936 2089 942 2108 :
967 2078 1111 2118 τάρχαῖα
1125 2077 1214 2116 vulg.
1359 2075 1538 2108 συνέπλεον
1553 2076 1586 2107 Α

261 2130 280 2159 5
305 2121 468 2153 ἆπέτεινες
487 2122 522 2151 Sl
679 2133 695 2160 7
721 2125 777 2154 τοῦ
794 2122 915 2153 δανείου
933 2132 998 2151 om.
1019 2121 1049 2150 A
1201 2121 1221 2149 8
1246 2125 1322 2158 post
1340 2122 1371 2160 ἐξ
1388 2121 1490 2160 ἀρχῆς
1505 2120 1581 2150 add.

261 2165 301 2196 ὥς
318 2171 416 2203 φησιν
435 2164 468 2201 S,
490 2167 529 2197 ὥς
548 2173 646 2205 φασιν
662 2165 751 2204 vulg.
770 2177 777 2195 τ
803 2175 865 2195 om.
881 2165 911 2194 A
1005 2174 1042 2202 13
1067 2163 1357 2204 ἀμφοτερόπλοαΑ
1374 2175 1380 2193 :
1407 2163 1586 2203 ἑτερόπλοα
1602 2180 1605 2182 -

261 2207 285 2237 S
303 2213 336 2237 et
353 2209 448 2245 (ρια)
471 2208 495 2238 F
508 2208 538 2247 Q
677 2218 714 2247 15
739 2211 798 2246 ἤδη
815 2218 878 2238 om.
903 2207 927 2237 F
940 2207 970 2245 Q
1090 2208 1135 2238 ἑνὶ
1154 2207 1292 2244 σκήπτει
1310 2206 1420 2236 Ἦοῖῐῑ
1447 2206 1585 2242 σκήπτει

259 2249 291 2279 Α
307 2261 315 2281 :
340 2252 519 2294 ἐπισκήπτῃ
531 2252 618 2290 vulg.
756 2253 793 2281 16
818 2253 1018 2282 συνδικοῦντι
1036 2250 1059 2280 S
1073 2250 1098 2280 F
1111 2250 1140 2279 D
1277 2260 1313 2288 17
1339 2248 1411 2280 οὐδὲ
1429 2249 1584 2282 Bekker:

259 2295 332 2325 οὔτε
360 2295 456 2325 codd.
641 2295 677 2325 18
704 2295 901 2333 ἐπεθήκαμεν
930 2294 953 2323 S
968 2294 998 2323 A
1029 2293 1194 2332 Harpocr.
1213 2304 1220 2323 z
1253 2293 1462 2331 ἀπεδώκαμεν
1493 2292 1582 2330 vulg.

260 2347 302 2368 20
326 2338 474 2370 δικασταί
491 2338 536 2369 S:
562 2337 719 2376 Ἀθηναῖοι
745 2339 833 2375 vulg.
1026 2347 1063 2366 21
1092 2335 1291 2368 ἀποδέδωκεν
1308 2335 1332 2366 5
1345 2335 1373 2364 Α
1390 2347 1396 2366 :
1421 2335 1584 2367 ἀπέδωκεν

262 2380 323 2420 FQ
335 2381 364 2410 D
435 2392 476 2411 22
497 2381 681 2422 ἔπραττεν,·Ἷ
694 2383 758 2411 huc
771 2382 821 2413 καὶ
836 2382 900 2412 οἵδε
914 2405 920 2411 .
933 2404 940 2411 .
955 2404 961 2411 .
976 2382 1093 2411 τοῦτον
1105 2381 1136 2418 (ξ
1151 2381 1208 2417 32Ἲ
1221 2378 1393 2409 transtulit
1405 2378 1582 2409 Thalheim

258 2434 299 2463 24
323 2424 424 2457 πλέον
440 2426 469 2455 Α
488 2437 494 2456 t
519 2428 632 2457 πλεῖον
648 2425 736 2465 vulg.
869 2433 908 2463 25
932 2425 989 2456 τὸν
1004 2428 1080 2453 ante
1097 2422 1212 2454 τούτου
1236 2433 1301 2453 om.
1325 2422 1390 2461 FQ
1406 2422 1435 2451 D
