1685 2772
80 120 198 176 [973]

160 310 201 346 25

80 730 200 784 [974]

159 1009 201 1042 26

659 136 1140 175 ΔΗΜΟΣΘΕΝΟὙΣ
1401 133 1568 189 [xxxvu

235 234 494 283 βουλόμενος,
523 234 573 275 ὡς
599 233 838 286 προσέταξα,
867 235 1102 288 ἐνέγραψεν·
1141 236 1229 276 οὐδὲ
1260 237 1335 288 γὰρ
1361 237 1482 288 λόγος
1507 236 1565 287 ἦν,

236 301 268 340 εἰ
291 299 343 350 μὴ
370 300 473 340 τοῦτ’
500 302 676 351 ἐποίησε.
747 301 843 354 λέγε
868 302 1122 343 τάκόλουθον.

801 437 1005 463 ΕΓΚΛΗΜΑ.

289 512 365 550 Καὶ
393 513 517 562 ἐπειδὴ
541 514 671 562 ὦφλον
698 516 768 565 ἐγὼ
795 518 845 552 τῶ
875 515 1054 566 δημοσιω,
1085 531 1326 564 καταστησας
1353 514 1567 567 Ἀντιγενην

232 567 296 604 τὸν
317 570 445 604 ἑαυτου
467 569 611 617 οἷκετην
632 585 680 607 εις
699 570 741 605 τὸ
769 570 1012 620 ἐργαστήριον
1037 569 1080 606 τὸ
1102 570 1190 618 ἐμὸν
1209 570 1251 607 τὸ
1273 569 1332 606 ἐπι
1352 570 1565 620 Θρασύλλῳ
1586 584 1603 615 5

235 637 356 670 ΚῑῑρίΟν
376 625 446 660 Τῶν
467 625 572 672 ἐμῶν,
595 624 887 674 ἀπαγΟρΕῑΟΙΙΤΟς
908 626 1009 673 ἐμοὶ).

300 732 506 786 Ἐπίσχες.
569 734 690 775 πάλιν
719 736 829 775 ταυτὶ
860 734 972 775 πάνθ’
998 734 1062 775 ὑπ’
1088 735 1204 775 αὐτοῦ
1233 739 1302 775 τοῦ
1335 735 1566 788 πράγματος

233 799 572 853 ἐξελεγχθήσεται
613 803 870 854 ψευδόμενος.
956 801 1160 855 γέγραφεν
1199 804 1275 855 γὰρ
1318 805 1564 853 καταστῆσαι

231 869 302 917 μὲν
329 867 408 918 ἐμέ,
437 869 701 921 ἀπαγορεύειν
731 869 764 909 δ’
791 870 921 910 αὑτόν.
993 873 1114 909 ταῦτα
1146 869 1178 909 δ’
1206 870 1279 923 οὐχ
1309 871 1393 911 οἶόν
1423 887 1466 911 τε
1497 870 1566 910 τὸν

231 934 282 985 μὴ
308 935 494 987 παρόντα.
556 937 644 977 οὔτε
670 939 746 989 γὰρ
773 937 960 988 καθίστην
980 937 1071 989 ἐγώ,
1093 937 1114 976 ὅ
1138 936 1175 989 γ’
1196 936 1248 977 ὢν
1268 938 1309 977 ἐν
1327 941 1380 992 τῷ
1408 938 1564 992 Πόντῳ,

232 1002 311 1041 οὔτ’
338 1003 583 1055 ἀπηγόρευεν
609 1004 722 1047 οὗτος
754 1008 807 1059 τῷ
837 1004 889 1056 μὴ
923 1004 1100 1056 παρόντι·
1139 1008 1221 1046 πῶς
1250 1004 1343 1057 γάρ,·
1383 1008 1464 1046 πῶς
1496 1004 1565 1045 οὗν

231 1070 285 1111 εἰς
311 1068 487 1122 ἀνάγκην
507 1070 628 1122 ἦλθεν
647 1071 756 1112 ταῦθ’
777 1072 876 1111 οὕτω
903 1071 1075 1124 γράψαι;
1114 1072 1134 1111 ὁ
1155 1071 1329 1124 Εὔεργος
1354 1071 1433 1111 τότ’
1458 1071 1564 1123 οἶμαι

230 1141 474 1188 πλημμελῶν
499 1139 554 1178 ὧν
579 1138 723 1179 δέδωκε
755 1140 879 1189 δίκην,
908 1137 1088 1188 συνήθως
1123 1139 1228 1191 ἔχων
1253 1138 1340 1189 ἐμοὶ
1368 1140 1432 1180 καὶ
1460 1139 1562 1191 γνώ-

229 1220 341 1254 ριμος
375 1203 427 1244 ὢν
455 1204 699 1256 κατέστησεν
730 1205 799 1246 τὸν
826 1205 981 1257 οἰκέτην
1006 1206 1161 1245 οἴκοθεν
1188 1207 1330 1257 λαβὼν
1356 1205 1445 1258 παρ’
1472 1207 1565 1256 ἐμοῦ

231 1270 447 1323 φυλάττειν
478 1272 528 1313 ὡς
562 1273 694 1313 αὑτόν.
770 1275 803 1313 εἰ
832 1275 902 1324 μὲν
936 1273 1004 1313 οὖν
1038 1273 1191 1324 ἔγραψε
1220 1272 1403 1322 τάληθές,
1436 1272 1564 1324 γέλως

230 1336 277 1377 ἂν
303 1336 362 1387 ἦν·
400 1338 440 1378 τί
462 1338 549 1392 γάρ,
573 1341 606 1380 εἰ
634 1340 879 1390 κατέστησεν
907 1341 1092 1391 Εὔεργος,
1121 1339 1198 1391 ἐγώ
1224 1338 1264 1377 σ’
1289 1340 1427 1386 ἀδικῶ;
1465 1340 1561 1392 φεύ-

229 1421 310 1455 γων
344 1407 385 1445 δὲ
418 1410 531 1446 τοῦτο
565 1406 709 1447 τοιαῦτ’
735 1407 982 1459 ἠνάγκασται
1014 1405 1196 1458 γράφειν,
1229 1404 1278 1446 ἵν’
1310 1404 1336 1462 ᾗ
1373 1406 1470 1458 πρὸς
1502 1405 1563 1456 ἔμ’

229 1471 330 1526 αὐτῷ
356 1472 401 1512 τὸ
426 1473 618 1525 ἔγκλημα.
680 1473 773 1526 λέγε
799 1476 847 1513 τὰ
872 1473 1029 1526 ἐφεξῆς.

799 1615 1006 1641 ΕΓΚΛΗΜΑ.

285 1687 453 1725 Κᾶπειτα
482 1687 615 1728 πείσας
644 1687 728 1727 τοὺς
758 1688 901 1728 οἰκέτας
929 1687 1012 1726 τοὺς
1042 1686 1150 1736 ἐμοὺς
1178 1686 1398 1733 καθέζεσθαι
1424 1688 1474 1727 εἷς
1501 1687 1565 1725 τὸν

231 1744 435 1793 κεγχρεῶνα
457 1741 516 1778 ἐπὶ
535 1742 675 1793 βλάβῃ
695 1744 743 1793 τῇ
764 1744 843 1793 ἐμῇ.

295 1853 415 1893 Τουτὶ
441 1857 647 1896 παντελῶς
671 1853 744 1904 ἤδη
773 1854 835 1894 καὶ
861 1852 1017 1894 ἀναιδές
1045 1854 1167 1893 ἐστιν·
1206 1852 1251 1892 οὐ
1275 1854 1350 1904 γὰρ
1373 1853 1495 1903 μόνον
1521 1853 1564 1892 ἐκ

229 1922 298 1958 τοῦ
322 1923 610 1971 προκαλεῖσθαι
635 1922 795 1963 τούτους
821 1922 1074 1972 παραδοῦναι,
1096 1923 1234 1960 τοῦτον
1260 1921 1302 1960 δὲ
1325 1919 1378 1971 μὴ
1403 1918 1560 1966 ’θέλειν,

231 1986 335 2026 ἀλλὰ
373 1987 434 2027 καὶ
471 1989 513 2027 ἐκ
548 1987 707 2028 πάντων
744 1989 866 2038 δῆλόν
901 1989 1012 2028 ἐστιν
1047 1989 1194 2040 ψεῦδος
1230 1988 1286 2027 ὄν.
1348 1987 1452 2028 τίνος
1487 1989 1564 2040 γὰρ

273 2107 292 2126 2
316 2099 412 2129 τοῦτο
429 2098 555 2136 ποιήσει
575 2098 600 2128 F
613 2098 642 2137 Q
757 2109 776 2137 5
801 2099 839 2130 τὸ
859 2099 934 2137 ἐμὸν
953 2097 986 2128 in
1005 2108 1068 2128 ras.
1091 2097 1129 2128 S:
1147 2098 1234 2136 ἡμῶν
1249 2097 1323 2128 sort.
1338 2096 1376 2128 Sl
1483 2103 1562 2139 Θρα-

230 2140 339 2181 σύλλῳ
359 2141 537 2180 Harpocr.,
567 2142 608 2172 cs.
629 2142 794 2172 Aeschin.
819 2142 827 2171 i
850 2151 921 2178 101,
941 2141 979 2172 C.
994 2141 1018 2171 Ι.
1032 2141 1073 2171 Α.
1092 2141 1112 2170 ii
1135 2141 1219 2179 780:
1244 2141 1438 2180 Θρασύλλου
1462 2142 1560 2174 codd.

228 2194 249 2221 9
273 2183 368 2215 αὑτόν
382 2185 499 2223 scripsi
514 2195 588 2216 curn
609 2185 647 2224 S,
666 2185 706 2215 es.
724 2185 792 2215 lviii
814 2186 873 2214 16:
899 2184 996 2216 αὐτόν
1012 2184 1098 2223 vulg.
1119 2195 1126 2214 :
1151 2183 1245 2216 αὐτός
1260 2184 1394 2214 Dobree
1487 2195 1525 2214 12
1546 2187 1562 2217 ὁ
1579 2214 1582 2216 ,

230 2227 253 2257 S
267 2227 297 2257 A
315 2238 323 2258 z
345 2238 409 2259 om.
429 2229 518 2267 vulg.
665 2228 751 2268 τότ’]
773 2228 864 2259 ταῦτ’
882 2227 913 2257 Α
1086 2237 1124 2266 13
1150 2226 1266 2259 δέδωκε
1283 2227 1371 2266 vulg.
1389 2240 1394 2258 :
1421 2227 1519 2260 ἔδωκε
1537 2228 1561 2259 S

233 2280 268 2308 14
292 2272 347 2303 τὸν
365 2272 389 2302 S
407 2272 517 2310 vulg.:
543 2285 616 2304 τινα
632 2271 663 2301 Α
816 2273 854 2301 16
880 2273 943 2312 ἐγώ
962 2270 1007 2310 σ’]
1028 2271 1125 2312 ἔγωγ’
1141 2270 1172 2300 Α
1324 2281 1359 2309 17
1384 2269 1421 2312 ᾗ]
1439 2270 1460 2312 ᾖ
1474 2273 1517 2310 μὴ
1537 2271 1561 2302 S

233 2315 270 2343 18
294 2316 332 2346 τὸ
350 2317 463 2356 ἐφεξῆς
482 2315 580 2345 Blass
664 2325 705 2345 20
722 2316 858 2347 κᾶπειτα
874 2315 1025 2344 additum
1043 2325 1085 2344 ex
1105 2313 1271 2353 Harpocr.
1294 2324 1320 2345 3.
1335 2325 1365 2346 ν.
1381 2315 1559 2355 κεγχρεών,

231 2357 419 2397 Phot.152.
444 2368 457 2388 1
541 2355 670 2397 πείσας]
697 2358 806 2389 ἔπεισε
832 2357 1012 2397 Harpocr„
1040 2357 1138 2388 Phot
1245 2356 1431 2396 καθέζεσθαι
1455 2358 1557 2398 vulg.,

232 2400 409 2440 Harpocr.,
432 2402 548 2432 Phot.:
575 2401 756 2441 καθίζεσθαι
775 2402 798 2431 S
810 2400 840 2430 Α

1589 958 1627 980 10

1586 1290 1623 1321 15

1584 1704 1624 1726 20
