1685 2772
200 515 218 547 5

239 124 304 179 XL]
375 130 518 168 ΠΡΟΣ
545 129 793 167 ΒΟΙΩΤΟΝ
822 130 949 167 ΠΕΡΙ
978 130 1221 167 ΠΡΟΙΚΟΣ
1248 130 1536 168 ΜΗΤΡΩΙΑΣ

237 242 385 289 μάτων,
411 237 546 279 ἄλλως
570 253 614 278 τε
637 237 701 277 καὶ
727 237 901 290 ἀκριβῶς
934 238 1044 279 εἰδὼς
1075 237 1148 283 ὅτι,
1184 238 1218 277 εἰ
1250 238 1314 278 καὶ
1348 237 1444 289 πρὸς
1475 238 1565 281 τοὺς

239 305 383 346 ἄλλους
409 304 461 356 μὴ
489 303 658 346 ἐπιεικές
676 306 788 344 ἐστιν
812 308 898 346 ταῖς
917 304 1081 346 διαίταις
1102 305 1388 357 ἰσχυρίζεσθαι,
1406 305 1503 358 πρός
1520 323 1565 357 γε

237 375 376 413 τοῦτον
401 370 587 412 ἁπάντων
611 372 860 412 δικαιότατον
885 370 932 422 ἦν
965 373 1088 413 οὕτως
1111 370 1428 423 προσφέρεσθαι.
1467 372 1563 424 φέρε

237 438 326 492 γάρ,
355 440 391 480 εἴ
412 456 471 481 τις
496 438 615 480 αὐτὸν
641 437 771 489 ξενίας
796 437 997 492 γράψαιτο
1021 438 1152 491 λέγων
1183 439 1234 480 ὡς
1264 438 1518 489 διομνύμενος
1543 440 1564 479 ὁ

238 505 365 558 πατὴρ
399 506 466 546 οὐκ
492 506 569 560 ἔφη
596 509 736 546 τοῦτον
759 505 843 547 υἱὸν
876 507 994 546 αὑτοῦ
1019 506 1130 552 εἶναι,
1163 504 1247 546 ἔσθ’
1273 506 1349 560 ὅτῳ
1379 505 1426 546 ἂν
1450 505 1562 560 ἄλλῳ

239 574 481 627 ἰσχυρίζοιτο
506 576 602 627 πρὸς
627 577 748 614 ταῦτα
772 570 794 624 ἦ
821 574 919 614 διότι
945 576 1012 624 τῆς
1037 572 1183 625 μητρὸς
1208 573 1335 613 αὐτῶν
1355 572 1564 624 ὀμοσάσης

239 641 302 681 καὶ
327 644 396 681 τοῦ
421 643 618 692 διαιτητοῦ
642 641 906 693 καταγνόντος
929 640 1160 693 ἠναγκάσθη
1182 641 1202 679 ὁ
1221 640 1348 690 πατὴρ
1363 640 1473 691 ἡμῶν
1494 641 1560 691 ἐμ-

237 711 370 760 μεῖναι
387 714 435 765 τῇ
461 709 607 764 διαίτῃ;
646 708 784 748 οὐκοῦν
801 709 941 754 δεινόν,
969 709 1002 749 εἰ
1022 708 1133 748 οὗτος
1154 707 1270 750 αὐτὸς
1288 709 1387 748 κατὰ
1411 710 1562 760 γνῶσιν

239 778 437 825 διαιτητοῦ
465 774 647 827 ὑμέτερος
678 777 845 825 πολίτης
873 774 1135 828 γεγενημένος
1169 776 1230 815 καὶ
1260 774 1358 826 πρὸς
1389 776 1457 825 ἐμὲ
1491 773 1562 824 τὴν

181 855 220 878 10
239 843 379 882 οὐσίαν
405 841 634 893 νειμάμενος
662 844 723 883 καὶ
749 843 879 895 τυχὼν
898 846 976 883 τῶν
999 843 1168 894 μετρίων
1193 841 1392 887 ἁπάντων,
1414 842 1458 882 ἃς
1486 841 1562 893 ἐγὼ

180 1198 219 1230 15

181 1524 220 1545 20

239 910 348 951 δίκας
378 912 517 949 τοῦτον
546 909 754 962 ἀπέφυγον
783 910 959 961 παρόντα
992 909 1054 949 καὶ
1088 910 1358 949 ἀντιδικοῦντα
1392 909 1454 948 καὶ
1482 912 1564 949 τοῖς

240 978 483 1029 γνωσθεῖσιν
503 975 734 1026 ἐμμένοντα,
756 976 896 1018 ταύτας
917 977 1124 1017 ἀναδίκους
1141 974 1262 1025 ἀξιῶν
1283 976 1492 1027 γίγνεσθαι
1511 975 1566 1014 δί-

241 1043 352 1082 καιόν
368 1059 405 1082 τι
421 1043 552 1092 δοκοίη
569 1041 705 1094 λέγειν
724 1043 827 1092 ὑμῖν,
849 1043 997 1094 ὥσπερ,
1016 1043 1111 1082 ὅταν
1130 1045 1202 1093 μὲν
1222 1042 1345 1096 τούτῳ
1367 1041 1562 1097 συμφέρῃ,

239 1108 329 1149 δέον
353 1108 453 1149 εἶναι
477 1109 608 1160 κυρίας
626 1110 696 1150 τὰς
715 1110 876 1155 διαίτας,
893 1110 988 1149 ὅταν
1005 1110 1047 1149 δὲ
1072 1109 1124 1159 μὴ
1146 1107 1342 1164 συμφέρῃ,
1365 1110 1566 1160 προσῆκον

239 1175 310 1225 τὴν
346 1176 483 1216 τούτου
519 1175 680 1228 γνώμην
723 1175 955 1227 κυριωτέραν
995 1174 1185 1228 γενέσθαι
1221 1179 1298 1215 τῶν
1339 1176 1436 1214 κατὰ
1477 1174 1567 1216 τοὺς

238 1241 448 1294 ὑμετέρους
468 1242 609 1293 νόμους
635 1242 909 1295 γνωσθέντων.
982 1241 1024 1283 ὃς
1050 1243 1172 1283 οὕτως
1199 1242 1414 1292 ἐπίβουλός
1440 1243 1564 1287 ἐστιν,

239 1309 344 1349 ὥστε
371 1309 432 1348 καὶ
457 1308 528 1358 τὴν
553 1310 705 1349 δίαιταν
728 1309 874 1360 ταύτην
893 1308 1118 1361 ἐπιτρέπειν
1135 1326 1185 1360 με
1205 1309 1475 1360 προύκαλεῖτο,
1494 1307 1567 1362 οὐχ

239 1376 344 1418 ὅπως
385 1376 600 1431 ἀπαλλαγῇ
633 1376 729 1428 πρός
763 1393 823 1428 με,
863 1376 955 1416 ἀλλ’
991 1377 1068 1422 ἵνα,
1107 1377 1241 1428 ὥσπερ
1280 1375 1341 1415 καὶ
1376 1376 1567 1427 πρότερον

242 1442 379 1482 ἕνδεκα
408 1443 475 1493 ἔτη
505 1441 668 1495 διήγαγε
701 1446 938 1495 κακουργῶν,
973 1445 1095 1484 οὕτως
1127 1444 1189 1483 καὶ
1220 1446 1288 1483 νῦν
1312 1444 1360 1482 τὰ
1387 1443 1564 1482 ἀποδιαι-

240 1508 408 1558 τηθέντα
439 1526 514 1560 μου
542 1509 668 1550 λύσας
699 1509 746 1560 ἐξ
771 1511 896 1563 ἀρχῆς
927 1527 976 1560 με
1009 1515 1240 1566 συκοφαντῇ
1271 1510 1332 1549 καὶ
1361 1508 1433 1558 τὴν
1458 1509 1567 1559 δίκην

241 1575 385 1626 ταύτην
402 1576 577 1633 ἐκκρούῃ.
612 1575 819 1629 τεκμήριον
838 1579 879 1617 δὲ
898 1577 1037 1617 τούτου
1054 1576 1260 1629 μέγιστον·
1295 1576 1382 1615 οὔτε
1401 1577 1476 1627 γὰρ
1496 1574 1567 1625 τὴν

241 1643 464 1694 πρόκλησιν
489 1643 661 1697 ἐδέχετο,
687 1643 735 1694 ἣν
760 1645 838 1696 ἐγὼ
865 1646 961 1684 κατὰ
985 1644 1075 1685 τοὺς
1101 1644 1241 1694 νόμους
1266 1642 1568 1694 προύκαλούμην

241 1709 370 1756 αὐτόν,
394 1711 586 1762 πρότερόν
605 1728 648 1751 τε
669 1711 871 1765 Ξενίππῳ,
890 1710 934 1751 ὃν
952 1710 1065 1752 οὗτος
1082 1710 1335 1762 προύβάλετο
1352 1707 1566 1758 διαιτητήν,

242 1775 531 1828 ἐπιτρέψαντός
556 1794 630 1827 μου
655 1779 743 1829 περὶ
763 1780 831 1828 τῆς
851 1781 919 1817 τοῦ
937 1778 1130 1829 ὀνόματος
1149 1778 1270 1826 δίκης,
1298 1775 1569 1827 ἀπηγόρευσεν

241 1844 343 1897 αὐτῷ
384 1842 436 1894 μὴ
473 1846 636 1884 διαιτᾶν.
686 1845 746 1884 ὅτι
781 1847 823 1885 δὲ
860 1846 923 1885 καὶ
958 1844 1064 1884 ταῦτ’
1103 1845 1230 1894 ἀληθῆ
1266 1842 1386 1895 λέγω,
1425 1843 1466 1882 ἐκ
1501 1843 1570 1892 τῆς

240 1911 452 1962 μαρτυρίας
478 1911 539 1950 καὶ
563 1913 632 1961 τῆς
657 1909 914 1963 προκλήσεως
939 1913 1112 1952 εἴσεσθε.

285 2027 305 2057 3
328 2017 383 2059 ἧν]
403 2019 441 2050 ἂν
458 2017 497 2055 ἧν
514 2017 538 2049 S
667 2028 684 2056 7
710 2018 928 2059 καταγνόντος
947 2019 970 2050 S
988 2019 1078 2058 vulg.
1097 2030 1104 2051 ε
1129 2018 1266 2059 γνόντος
1283 2017 1315 2047 Α
1442 2027 1482 2048 10
1504 2019 1570 2050 τῶν

241 2061 393 2102 μετρίων]
411 2064 505 2093 δικῶν
521 2063 585 2093 τῶν
600 2062 767 2102 μεγίστων
783 2062 814 2091 Α
920 2072 955 2091 11
983 2065 1031 2094 καὶ
1052 2065 1086 2094 ἐν
1101 2065 1170 2094 τοῖς
1189 2062 1214 2092 F
1227 2061 1268 2099 Q,
1288 2061 1328 2093 cf.
1354 2065 1369 2099 §
1387 2071 1430 2100 39
1530 2071 1568 2091 12

243 2107 422 2144 ἐμμένοντα
440 2105 464 2135 S
480 2115 487 2135 ε
513 2105 706 2144 ἐμμείναντα
721 2105 810 2143 vulg.
895 2106 1005 2146 ἀξιῶν]
1027 2111 1104 2147 αξιοι
1123 2105 1147 2136 S
1228 2105 1381 2146 γενέσθαι
1397 2105 1429 2134 Α
1531 2113 1568 2142 14

244 2148 322 2180 εἶναι
339 2150 444 2189 κυρίας
462 2147 486 2178 S
502 2159 508 2177 t
533 2148 640 2189 κυρίας
657 2148 734 2180 εἶναι
750 2149 837 2187 vulg.
934 2158 972 2187 15
996 2149 1112 2181 τούτου
1130 2148 1218 2188 vulg.
1233 2160 1241 2179 ι
1264 2147 1387 2180 τούτων
1405 2148 1428 2178 S
1531 2148 1571 2178 16

242 2191 412 2232 ὑμετέρους
430 2200 496 2222 om.
513 2190 545 2220 Α
690 2200 729 2230 19
752 2194 806 2223 νῦν
822 2193 864 2223 τὰ
879 2193 901 2224 S
920 2203 926 2221 :
949 2192 990 2224 τὰ
1007 2195 1062 2224 νῦν
1078 2192 1167 2231 vulg.
1308 2202 1352 2222 20
1375 2192 1571 2231 συκοφαντεῖ

245 2234 270 2264 S
345 2244 386 2274 23
409 2233 614 2275 προύβάλετο
627 2233 715 2275 Βγρ.
731 2245 737 2265 :
763 2235 990 2276 προύβάλλετο
1008 2235 1032 2265 S
1047 2235 1078 2265 D
1095 2247 1102 2266 ε
1126 2237 1339 2276 προύκαλεῖτο
1356 2234 1444 2273 vulg.
1528 2244 1570 2271 24

246 2277 471 2319 ἐπιτρέποντος
487 2277 518 2307 Α
623 2278 820 2320 ἀπηγόρευεν
838 2278 1069 2317 Herwerden,
1087 2280 1148 2310 sed
1165 2279 1204 2310 cs.
1225 2280 1257 2309 lv
1274 2289 1304 2318 4,
1326 2275 1571 2308 Meisterhans³

247 2322 308 2350 182

1600 120 1685 175 [τος

1595 381 1637 415 41

1592 727 1636 760 42

1595 781 1685 836 [102

1597 1257 1644 1294 43

1595 1587 1642 1622 44
