1685 2772
98 122 242 176 xxm]
482 127 641 165 ΠΡΟΣ
691 126 1029 164 ΦΟΡΜΙΩΝΑ
1453 116 1565 171 [913]

97 239 341 288 καταγνῶναι
377 237 448 287 μὲν
485 236 560 287 γὰρ
595 235 663 275 οὐκ
704 233 903 286 ἐβουλήθη
947 237 1009 275 διὰ
1046 238 1089 275 τὸ
1127 236 1278 277 οἰκείως
1315 235 1422 289 ἔχειν

97 303 298 355 Φορμίωνι
323 303 474 357 τουτῳί,
509 302 560 344 ὡς
587 302 700 352 ἡμεῖς
731 302 900 354 ὕστερον
932 302 1167 353 ἐπυθόμεθα,
1196 303 1422 355 ἀπογνῶναι

96 372 137 410 δὲ
163 372 230 420 τῆς
255 371 363 419 δίκης
388 370 514 416 ὤκνει,
533 368 581 410 ἵν’
606 368 720 410 αὐτὸς
743 368 795 420 μὴ
822 368 1110 421 ἐπιορκήσειεν.
1165 368 1211 420 ἐξ
1233 369 1351 409 αὐτοῦ
1375 369 1421 419 δὴ
1452 386 1494 409 22

96 440 164 477 τοῦ
183 436 409 489 πράγματος
443 437 680 488 λογίσασθε,
720 433 750 475 ὦ
788 435 925 487 ἄνδρες
964 437 1159 483 δικασταί,
1200 436 1290 488 παρ’
1332 437 1423 487 ὑμῖν

59 516 76 548 5
96 503 239 550 αὐτοῖς,
261 504 405 544 ὁπόθεν
424 504 593 554 ἔμελλεν
608 503 720 544 οὗτος
736 503 961 544 ἀποδώσειν
976 503 1020 543 τὸ
1035 504 1216 555 χρυσίον.
1267 502 1422 543 ἐνθένδε

94 572 169 622 μὲν
193 572 267 623 γὰρ
295 569 453 620 ἐξέπλει
469 571 537 611 οὐκ
562 569 769 620 ἐνθέμενος
795 571 849 611 εἰς
875 569 945 619 τὴν
965 573 1059 610 ναῦν
1078 572 1126 609 τὰ
1151 568 1333 623 χρήματα
1360 570 1422 610 καὶ
1453 572 1561 627 [914]

95 636 296 688 ὑποθήκην
320 637 388 677 οὐκ
414 636 530 690 ἔχων,
555 635 647 678 ἀλλ’
674 637 737 677 ἐπὶ
762 640 843 678 τοῖς
868 638 975 687 ἐμοῖς
999 635 1203 690 χρήμασιν
1227 638 1419 677 ἐπιδανει-

97 703 282 755 σάμενος·
319 706 361 744 ἐν
390 704 581 758 Βοσπόρῳ
608 703 640 744 δ’
656 704 856 755 ἀπρασίαν
881 708 958 744 τῶν
984 705 1160 756 φορτίων
1185 703 1420 755 κατέλαβεν,

97 772 160 812 καὶ
185 771 274 813 τοὺς
297 773 345 811 τὰ
375 772 592 823 ἑτερόπλοα
616 771 875 812 δανείσαντας
903 772 1020 822 μόλις
1057 770 1300 822 ἀπήλλαξεν.
1361 771 1424 812 καὶ
1454 789 1497 822 23

38 853 77 876 10
96 838 209 881 οὗτος
232 840 304 890 μὲν
320 837 524 879 ἐδάνεισεν
548 837 650 892 αὐτῷ
667 839 870 891 δισχιλίας
886 839 1064 892 δραχμὰς
1079 838 1420 891 ἀμφοτερόπλουν,

95 905 192 946 ὥστ’
230 906 456 957 ἀπολαβεῖν
491 904 707 955 Ἀθήνησιν
745 906 949 958 δισχιλίας
986 903 1195 954 ἑξακοσίας
1231 904 1422 959 δραχμάς·

96 973 282 1025 Φορμίων
307 970 349 1013 δέ
376 978 502 1025 φησιν
536 973 749 1013 ἀποδοῦναι
781 971 957 1024 Λάμπιδι
986 974 1029 1013 ἐν
1065 973 1260 1028 Βοσπόρῳ
1286 972 1423 1013 ἑκατὸν

97 1040 158 1081 καὶ
189 1041 315 1081 εἴκοσι
347 1042 545 1091 στατῆρας
572 1039 806 1089 Κυζικηνούς
837 1038 975 1095 (τούτῳ
1005 1041 1079 1092 γὰρ
1113 1039 1331 1094 προσέχετε
1356 1039 1424 1081 τὸν

95 1105 202 1157 νοῦν)
237 1106 520 1157 δανεισάμενος
563 1108 729 1159 ἐγγείων
767 1108 904 1148 τόκων.
966 1106 1069 1157 ἦσαν
1109 1109 1150 1148 δὲ
1189 1108 1350 1160 ἔφεκτοι
1387 1109 1424 1148 οἱ

40 1187 76 1219 15
97 1174 245 1227 ἔγγειοι
269 1174 390 1220 τόκοι,
416 1174 436 1213 ὁ
461 1176 503 1214 δὲ
534 1173 746 1224 Κυζικηνὸς
771 1174 934 1214 ἐδύνατο
968 1175 1051 1214 ἐκεῖ
1082 1175 1208 1215 εἴκοσι
1238 1174 1300 1214 καὶ
1324 1174 1423 1214 ὀκτὼ

97 1243 274 1295 δραχμὰς
299 1240 493 1282 Ἀττικάς.
553 1243 614 1281 δεῖ
636 1240 680 1290 δὴ
707 1243 846 1292 μαθεῖν
871 1242 969 1292 ὑμᾶς
988 1241 1066 1281 ὅσα
1091 1241 1218 1294 φησὶν
1242 1240 1424 1295 χρήματα
1453 1253 1499 1288 24

97 1307 400 1349 ἀποδεδωκέναι.
451 1311 530 1348 τῶν
547 1309 620 1359 μὲν
639 1309 714 1361 γὰρ
741 1307 880 1349 ἑκατὸν
897 1309 1023 1349 εἵκοσι
1043 1307 1248 1360 στατήρων
1264 1309 1422 1361 γίγνονυ

96 1393 160 1416 ται
184 1376 405 1429 τρισχίλιαι
437 1376 660 1428 τριακόσιαι
690 1374 892 1426 ἑξήκοντα,
921 1376 942 1415 ὁ
971 1377 1015 1416 δὲ
1038 1376 1151 1416 τόκος
1180 1376 1200 1415 ὁ
1224 1375 1379 1427 ἔγγειος
1402 1375 1424 1416 ὁ

97 1443 262 1496 ἔφεκτος
280 1440 371 1495 [τῶν
392 1442 600 1495 τριάκοντα
617 1446 724 1494 μνῶν
745 1444 808 1484 καὶ
827 1446 944 1495 τριῶν
966 1443 1027 1482 καὶ
1053 1439 1256 1494 ἑξήκοντα]
1281 1459 1422 1483 πεντα-

39 1527 78 1549 20
99 1511 231 1551 κόσιαι
268 1511 439 1564 δραχμαὶ
483 1511 544 1551 καὶ
583 1508 788 1560 ἑξήκοντα·
842 1509 887 1550 τὸ
926 1512 967 1550 δὲ
1009 1510 1169 1560 σύμπαν
1207 1508 1425 1562 κεφάλαιον

98 1579 278 1631 γίγνεται
302 1578 424 1618 τόσον
454 1577 516 1618 καὶ
547 1578 682 1619 τόσον.
743 1577 854 1618 ἔστιν
888 1577 969 1624 οὖν,
1005 1575 1034 1617 ὦ
1059 1576 1196 1628 ἄνδρες
1228 1578 1422 1622 δικασταί,
1456 1589 1500 1627 25

99 1645 211 1687 οὗτος
250 1645 271 1685 ὁ
308 1644 513 1698 ἄνθρωπος
552 1642 576 1696 ἢ
614 1644 831 1699 γενήσεταί
866 1662 975 1690 ποτε,
1015 1643 1057 1685 ὃς
1093 1643 1180 1684 ἀντὶ
1215 1643 1425 1698 δισχιλίων

99 1712 319 1763 ἑξακοσίων
344 1715 530 1766 δραχμῶν
555 1712 764 1765 τριάκοντα
787 1715 886 1764 μνᾶς
913 1712 975 1752 καὶ
999 1711 1226 1764 τριακοσίας
1253 1710 1316 1751 καὶ
1335 1708 1423 1761 ἑξή-

101 1796 219 1820 κοντα
234 1781 435 1820 ἀποτίνειν
450 1780 645 1831 προείλετ’
669 1776 729 1827 ἄν,
749 1780 810 1821 καὶ
834 1780 950 1820 τόκον
968 1779 1230 1820 πεντακοσίας
1250 1779 1426 1831 δραχμὰς

42 1861 79 1893 25
102 1847 163 1887 καὶ
189 1845 378 1898 ἑξήκοντα
403 1847 699 1898 δανεισάμενος,
721 1847 766 1890 ἃς
792 1853 918 1899 φησιν
938 1845 1226 1887 ἀποδεδωκέναι
1243 1846 1428 1897 Φορμίων

101 1912 289 1964 Λάμπιδι,
316 1915 543 1967 τρισχιλίας
569 1916 779 1958 ἐνακοσίας
807 1915 952 1961 εἴκοσι;
992 1912 1080 1964 ἐξὸν
1106 1912 1138 1952 δ’
1167 1912 1269 1966 αὐτῷ
1296 1912 1424 1964 ἀμφο-

101 1980 320 2032 τερόπλουν
349 1979 567 2031 Ἀθήνησιν
601 1982 810 2022 ἀποδοῦναι
843 1985 887 2022 τὸ
924 1981 1121 2033 ἀργύριον,
1158 1980 1200 2019 ἐν
1233 1979 1427 2033 Βοσπόρῳ

147 2083 165 2103 2
189 2072 292 2114 τούτῳ
311 2074 406 2104 codd.
422 2084 429 2103 ε
455 2084 538 2104 corr.
561 2073 658 2105 Blass
790 2085 809 2113 3
834 2075 927 2107 αὐτὸς
945 2084 1009 2105 om.
1029 2073 1060 2103 A
1172 2072 1351 2113 ἐπιορκήσει
1369 2070 1406 2102 S¹
1422 2083 1430 2102 ·.

104 2116 277 2158 ἐπιορκήσῃ
296 2116 319 2147 S
337 2127 422 2148 corr.
513 2117 566 2158 δὴ]
586 2117 620 2150 δὲ
636 2117 667 2148 Α
799 2129 818 2156 4
844 2121 991 2150 δικασται
1009 2121 1036 2149 ὀὶ
1055 2116 1078 2147 S
1211 2125 1231 2154 5
1255 2116 1431 2147 ἀποδώσειν

103 2158 195 2192 οὗτος
213 2160 238 2190 F
251 2160 281 2198 Q
297 2160 326 2190 D
402 2170 437 2199 17
464 2162 580 2193 ἑκατὸν
596 2162 646 2192 καὶ
665 2166 765 2194 εἴκοσι
782 2162 813 2192 Α
889 2163 926 2191 18
951 2163 966 2192 ὁ
985 2165 1064 2191 ante
1083 2159 1210 2200 ἔγγειος
1227 2169 1291 2189 om.
1310 2158 1332 2189 S
1344 2158 1374 2197 Q
1388 2158 1429 2197 D,

105 2205 121 2234 ὁ
139 2207 215 2242 post
234 2203 359 2244 ἔγγειος
377 2213 440 2234 om.
462 2204 486 2234 F
500 2203 530 2233 D
672 2207 688 2236 ὁ
706 2205 832 2246 ἔγγειος
850 2205 905 2234 vel
925 2207 940 2236 ὁ
959 2204 1094 2246 ἔφεκτος
1114 2203 1249 2233 Dobree
1267 2203 1431 2233 alterutro

106 2246 219 2276 deleto
344 2257 383 2286 19
407 2249 470 2278 τῶν
487 2270 494 2277 .
515 2271 521 2277 .
542 2272 550 2279 .
571 2248 725 2288 ἑξήκοντα
741 2249 807 2279 del.
827 2248 922 2279 Stahl
1068 2257 1111 2276 20
1134 2248 1172 2278 τὸ
1186 2270 1194 2277 .
1210 2269 1217 2276 .
1234 2270 1241 2277 .
1255 2245 1432 2287 κεφάλαιον

107 2289 234 2327 (deleto
252 2289 402 2331 γίγνεται
420 2314 428 2321 .
448 2314 455 2322 .
474 2313 482 2321 .
499 2290 610 2329 τόσον,
629 2291 647 2321 l.
668 2293 726 2332 21)
744 2296 822 2322 ante
847 2291 1033 2332 τρισχιλίας
1059 2289 1093 2328 (l.
1113 2291 1172 2330 26)
1192 2293 1317 2328 transp.
1336 2288 1432 2320 Stahl

108 2342 149 2361 22
174 2330 263 2365 οὗτος
280 2333 314 2374 ὃ]
331 2336 475 2365 τοιοῦτος
492 2334 523 2364 Α
646 2334 741 2374 ποτε]
760 2349 799 2367 πο
817 2335 867 2374 (in
885 2335 952 2364 fine
970 2334 1102 2371 versus)
1121 2346 1200 2364 ποτε
1220 2333 1244 2363 S
1341 2335 1430 2372 δισχ.

107 2376 158 2407 καὶ
176 2377 217 2416 ἑξ.
231 2376 263 2405 Α
351 2385 393 2415 25
417 2377 453 2409 ἃς
471 2399 479 2407 .
500 2401 506 2407 .
525 2401 533 2408 .
547 2378 683 2416 Λαμπίδι
701 2382 780 2417 post
796 2377 957 2420 προείλετ’
976 2377 1013 2408 ἄν
1034 2377 1071 2416 (l.
1085 2377 1140 2415 24)
1161 2380 1287 2416 transp.
1312 2375 1433 2407 Morris

106 2417 164 2459 (A.
176 2418 207 2456 J.
225 2418 262 2451 P.
283 2420 394 2460 1882),
407 2419 595 2461 Thalheim‚
614 2420 710 2453 Stahl
847 2422 889 2451 26
914 2419 1098 2452 ἐννακοσίας
1117 2420 1213 2451 codd.

174 2484 260 2506 nme
1329 2472 1348 2503 7
