1685 2772
101 143 217 198 [893]
650 147 1187 204 [ΔΗΜΟΣΘΕΝΟΎΣ]
1425 150 1579 205 [χχχιιι

249 264 321 316 ἤδη
348 265 494 318 χρόνον
520 265 583 306 ἐπὶ
608 267 676 315 τῆς
702 265 892 317 ἐργασίας
917 263 971 305 ὢν
995 267 1064 315 τῆς
1096 267 1192 305 κατὰ
1222 265 1435 312 θάλατταν,
1462 265 1582 319 μέχρι

248 331 323 384 μέν
346 349 453 374 τινος
478 331 592 373 αὐτὸς
619 331 875 382 ἐκινδύνευον,
903 332 1009 372 οὔπω
1031 334 1072 372 δὲ
1092 332 1158 382 ἔτη
1180 332 1292 373 ἐστὶν
1315 333 1415 373 ἑπτὰ
1440 332 1512 385 ἀφ’
1538 334 1581 373 οὗ

249 398 295 439 τὸ
318 401 390 451 μὲν
416 403 532 440 πλεῖν
558 398 818 445 καταλέλυκα,
845 397 984 450 μέτρια
1012 398 1044 438 δ’
1076 399 1180 452 ἔχων
1209 399 1360 440 τούτοις
1389 403 1581 451 πειρῶμαι

200 475 217 512 5
251 470 446 508 ναυτικοῖς
485 465 735 518 ἐργάζεσθαι.
794 467 857 505 διὰ
896 467 937 506 δὲ
969 468 1014 505 τὸ
1046 467 1217 519 ἀφῖχθαι
1250 466 1490 519 πολλαχόσε
1518 468 1582 507 καὶ

251 535 315 573 διὰ
340 532 384 574 τὸ
411 532 516 574 εἶναί
542 550 609 584 μοι
638 534 705 573 τὰς
731 534 938 584 διατριβὰς
963 533 1052 585 περὶ
1081 532 1126 573 τὸ
1158 533 1347 584 ἐμπόριον
1375 532 1582 586 γνωρίμως
1604 551 1621 583 5

251 599 331 654 ἔχω
357 605 439 642 τοῖς
463 601 669 641 πλείστοις
693 603 772 640 τῶν
797 600 1001 640 πλεόντων
1020 599 1093 650 τὴν
1111 599 1325 640 θάλατταν·
1362 600 1516 643 τούτοις
1540 603 1583 642 δὲ

251 672 334 709 τοῖς
360 669 402 707 ἐκ
429 668 641 717 Βυζαντίου
668 668 730 708 καὶ
754 665 857 707 πάνυ
877 667 1028 708 οἰκείως
1052 671 1207 720 χρῶμαι
1232 668 1295 707 διὰ
1319 666 1363 707 τὸ
1390 668 1580 719 ἐνδιατρῖ-

96 733 220 789 [894]
251 738 330 786 ψαι
354 734 501 774 αὐτόθι.
568 734 733 787 ἔχοντος
753 733 795 774 δέ
822 751 897 785 μου
926 734 1049 775 οὕτως
1079 733 1130 776 ὡς
1158 733 1278 785 λέγω,
1308 733 1584 775 κατέπλευσαν

253 805 365 854 δεῦρο
395 802 527 853 τρίτον
559 802 646 843 ἔτος
679 801 792 842 οὗτός
824 818 867 841 τε
900 800 962 840 καὶ
996 802 1162 851 πολίτης
1195 800 1313 840 αὐτοῦ
1347 800 1581 852 Παρμένων,

201 874 223 908 6
255 867 465 918 Βυζάντιος
493 871 563 919 μὲν
594 868 637 909 τὸ
669 867 794 920 γένος,
828 869 958 920 φυγὰς
990 866 1023 907 δ’
1053 869 1213 908 ἐκεῖθεν.
1275 868 1508 920 προσιόντες
1542 868 1585 910 δέ
1607 889 1646 912 10

251 952 318 986 μοι
344 934 387 976 ἐν
410 939 463 990 τῷ
491 937 662 990 ἐμπορίῳ
688 935 800 976 οὗτος
828 935 889 975 καὶ
916 936 936 974 ὁ
962 933 1184 986 Παρμένων
1210 933 1470 985 ἐμνήσθησαν
1495 935 1583 987 περὶ

251 1002 448 1055 ἀργυρίου.
508 1002 646 1056 ἔτυχεν
672 1004 712 1042 δὲ
738 1002 875 1042 οὑτοσὶ
900 1002 1076 1053 ὀφείλων
1108 1002 1171 1042 ἐπὶ
1200 1007 1248 1058 τῇ
1277 1002 1339 1052 νηὶ
1368 1007 1416 1059 τῇ
1446 1003 1585 1043 ἑαυτοῦ

251 1069 538 1122 τετταράκοντα
562 1072 672 1120 μνᾶς,
701 1069 763 1109 καὶ
789 1070 824 1109 οἱ
849 1070 1020 1121 χρῆσται
1053 1067 1291 1120 κατήπειγον
1321 1068 1440 1109 αὐτὸν
1465 1070 1581 1110 ἀπαι-

251 1139 409 1178 τοῦντες
426 1137 488 1177 καὶ
505 1136 741 1187 ἐνεβάτευον
758 1137 812 1177 εἰς
828 1135 900 1185 τὴν
916 1138 1024 1181 ναῦν,
1041 1136 1252 1187 εἰληφότες
1267 1141 1314 1192 τῇ
1330 1136 1581 1190 ὑπερημερίᾳ.

251 1202 504 1258 ἀπορουμένῳ
531 1203 564 1243 δ’
589 1203 691 1257 αὐτῷ
716 1205 815 1253 μνᾶς
834 1204 905 1252 μὲν
926 1201 1019 1241 δέκα
1040 1203 1059 1241 ὁ
1080 1202 1301 1253 Παρμένων
1322 1202 1584 1255 ὡμολόγησεν
1607 1216 1642 1247 15

251 1270 409 1316 δώσειν,
437 1270 645 1322 τριάκοντα
675 1271 717 1310 δὲ
745 1271 844 1320 μνᾶς
875 1269 1002 1308 ἐδεῖτό
1028 1286 1103 1319 μου
1133 1268 1246 1310 οὗτος
1277 1271 1581 1322 συνευπορῆσαι,

251 1338 481 1388 αἰτιώμενος
505 1337 595 1379 τοὺς
619 1335 797 1390 χρήστας
827 1337 1110 1386 ἐπιθυμοῦντας
1139 1338 1207 1386 τῆς
1236 1336 1333 1378 νεὼς
1358 1339 1581 1387 διαβεβλη-

254 1403 363 1445 κέναι
401 1404 518 1445 αὑτὸν
557 1405 599 1444 ἐν
631 1407 683 1458 τῷ
718 1404 903 1457 ἐμπορίῳ,
937 1403 1001 1442 ἵνα
1030 1402 1267 1457 κατάσχωσι
1299 1403 1370 1453 τὴν
1400 1408 1494 1444 ναῦν
1528 1405 1583 1446 εἰς

202 1480 222 1515 7
253 1472 422 1522 ἀπορίαν
460 1470 781 1521 καταστήσαντες
817 1473 885 1510 τοῦ
916 1470 1130 1510 ἀποδοῦναι
1158 1472 1206 1510 τὰ
1237 1469 1434 1524 χρήματα.
1496 1470 1584 1521 ἐμοὶ

251 1540 324 1588 μὲν
349 1538 417 1578 οῦν
442 1538 510 1578 οὐκ
534 1538 673 1591 ἔτυχεν
692 1540 817 1589 παρὸν
837 1536 1036 1589 ἀργύριον,
1058 1538 1261 1591 χρώμενος
1280 1540 1322 1578 δὲ
1340 1536 1583 1593 (Ηρακλείδῃ
1605 1555 1643 1576 20

251 1609 305 1660 τῷ
333 1606 543 1662 τραπεζίτῃ
572 1605 714 1646 ἔπεισα
747 1604 866 1644 αὐτὸν
896 1606 1079 1644 δανεῖσαι
1107 1606 1156 1644 τὰ
1186 1603 1368 1658 χρήματα
1399 1604 1583 1655 λαβόντα

251 1673 319 1723 ἐμὲ
350 1671 556 1725 ἐγγυητήν.
615 1671 687 1723 ἤδη
719 1673 760 1711 δὲ
790 1674 867 1711 τῶν
897 1670 1108 1723 τριάκοντα
1131 1675 1240 1722 μνῶν
1265 1670 1580 1723 πεπορισμένων,

251 1739 390 1794 ἔτυχεν
419 1739 743 1790 προσκεκρουκώς
775 1755 813 1778 τι
842 1738 965 1793 τούτῳ
993 1740 1013 1777 ὁ
1045 1738 1279 1791 Παρμένων·
1319 1738 1582 1791 ὡμολογηκὼς

250 1805 282 1846 δ’
322 1805 556 1858 εὐπορήσειν
593 1805 695 1860 αὐτῷ
736 1804 829 1845 δέκα
863 1808 975 1856 μνᾶς,
1017 1806 1080 1846 καὶ
1116 1806 1265 1846 τούτων
1301 1807 1479 1847 δεδωκὼς
1513 1807 1583 1848 τὰς

249 1877 366 1924 τρεῖς,
394 1874 456 1913 διὰ
480 1872 525 1913 rb
550 1871 783 1924 προειμένον
809 1872 996 1924 ἀργύριον
1015 1872 1257 1925 ἠναγκάζετο
1283 1873 1345 1913 καὶ
1371 1872 1415 1912 τὸ
1440 1875 1583 1913 λοιπὸν
1604 1886 1640 1918 25

199 1942 219 1976 8
250 1940 411 1980 διδόναι.
471 1939 585 1981 αὐτὸς
609 1941 682 1990 μὲν
708 1939 775 1979 οὖν
802 1940 864 1979 διὰ
889 1942 1002 1979 τοῦτο
1029 1939 1096 1979 οὐκ
1122 1940 1315 1991 ἐβούλετο
1335 1938 1583 1990 ποιήσασθαι

250 2005 295 2045 τὸ
335 2007 598 2057 συμβόλαιον,
638 2008 706 2056 ἐμὲ
749 2005 781 2045 δ’
826 2005 1007 2047 ἐκέλευεν
1049 2006 1195 2059 πρᾶξαι
1237 2007 1344 2048 ὅπως
1387 2006 1488 2061 αὐτῷ
1531 2006 1582 2048 ὡς

252 2072 544 2125 ἀσφαλέστατα
577 2072 668 2123 ἕξει.
730 2073 871 2123 λαβὼν
901 2075 942 2114 δὲ
976 2070 1082 2125 [ἐγὼ]
1118 2075 1187 2115 τὰς
1222 2075 1320 2114 ἑπτὰ
1349 2076 1448 2124 μνᾶς
1477 2074 1582 2125 παρὰ

294 2184 315 2213 6
339 2182 415 2224 (ἐν)
432 2183 557 2215 τούτοις
576 2182 710 2213 Dobree
812 2184 832 2214 8
858 2185 897 2215 ὡς
916 2184 979 2224 ἐγὼ
997 2182 1085 2224 λέγω
1101 2183 1129 2213 Α
1237 2194 1275 2214 10
1299 2182 1533 2225 προσελθόντες
1550 2182 1594 2212 A*

255 2236 289 2256 11
317 2226 408 2258 οὗτος
427 2250 433 2256 .
451 2250 457 2257 .
476 2250 483 2257 .
504 2226 678 2268 Παρμένων
694 2226 772 2256 secl.
798 2225 911 2257 Naber
1087 2230 1103 2259 ὁ
1126 2228 1232 2267 Παρμ.
1257 2226 1322 2257 SA
1338 2238 1344 2257 :
1369 2232 1468 2267 Παρμ.
1488 2225 1577 2264 vulg.

255 2279 291 2299 12
318 2272 351 2301 ἐν
366 2271 407 2312 τῇ
425 2271 474 2307 νηὶ
491 2270 532 2307 Α,
554 2271 594 2300 cs.
618 2273 632 2308 ξ
652 2280 691 2300 10
805 2272 843 2300 16
862 2269 955 2303 οὗτος
974 2271 998 2301 S
1016 2281 1023 2301 τ
1048 2272 1158 2302 οὑτοσὶ
1177 2275 1253 2301 cett.
1376 2280 1418 2300 20
1442 2269 1496 2301 οὖν
1513 2279 1576 2299 om.

253 2313 278 2342 F
291 2313 320 2351 Q
338 2313 366 2343 D
499 2323 540 2343 22
566 2313 637 2354 ἐμὲ]
655 2327 694 2353 με
713 2312 778 2352 FQ
792 2313 821 2343 D
955 2324 997 2353 23
1020 2327 1052 2345 τι
1068 2324 1133 2346 om.
1152 2313 1184 2343 A
1197 2313 1225 2343 D
1351 2323 1392 2351 24
1416 2312 1538 2344 τούτων
1556 2312 1579 2343 S

252 2357 339 2395 vulg.
358 2368 364 2387 ι
389 2357 494 2397 τούτῳ
512 2356 542 2387 Α
712 2366 752 2395 25
777 2357 965 2398 προειμένον
982 2357 1100 2388 Wolf:
1124 2356 1308 2397 προιέμενον
1325 2356 1349 2387 S
1361 2356 1390 2386 Α
1406 2367 1412 2386 :
1436 2369 1579 2397 προειρη-

251 2400 346 2439 μένον
363 2401 453 2439 vulg.
590 2412 629 2440 27
658 2400 810 2432 ἐκέλευσε
828 2400 859 2431 Α
994 2402 1034 2431 28
1060 2402 1123 2442 ἐγὼ
1141 2411 1203 2431 om.
1223 2401 1247 2431 S
