1685 2772
132 132 268 187 xxvn]
545 133 679 176 KAT’
725 137 980 176 ΑΦΟΒΟΎ
1025 137 1061 177 Α
1491 138 1608 193 [823]

129 247 174 286 οὔ
212 252 339 298 φασιν
379 250 610 287 καταλιπεῖν
648 247 760 288 οὐδὲν
797 247 959 289 τούτων·
1018 249 1074 289 εἷς
1116 247 1220 288 τοῦτ’
1261 249 1456 290 ἀναιδείας

127 313 386 364 ἐληλύθασιν.
455 314 516 354 ὅτι
537 316 611 366 μὲν
636 314 704 354 οὖν
729 314 774 354 οὐ
798 317 922 355 πιστὰ
940 314 1141 367 λέγουσιν,
1164 315 1227 356 καὶ
1247 316 1288 355 ἐκ
1307 315 1456 356 τούτων
1486 331 1529 367 32

127 380 255 421 αὐτῶν
277 379 412 435 ῥᾴδιόν
437 382 527 421 ἐστι
548 383 702 433 μαθεῖν·
732 382 794 422 ὅτι
818 381 852 422 δ’
877 383 1025 423 ἐκεῖνος
1056 382 1243 423 κατέλιπε
1265 386 1456 422 τοσοῦτον

127 447 173 488 τὸ
196 449 347 498 πλῆθος
372 447 478 488 ὥστε
501 447 554 499 μὴ
583 449 706 499 μόνον
737 448 872 490 ἱκανὸν
901 449 1002 489 εἶναι
1036 448 1344 501 κατεργάζεσθαι
1374 452 1457 491 τοῖς

88 525 107 558 5
128 516 268 554 ἑαυτοῦ
290 516 552 566 δημιουργοῖς,
581 515 688 555 ἀλλὰ
714 516 777 557 καὶ
800 520 855 571 τῷ
881 515 1115 571 βουλομένῳ
1144 515 1241 567 πρὸς
1271 516 1460 557 ὠνεῖσθαι

126 584 205 621 τῶν
237 581 386 627 ἄλλων,
415 582 564 622 ἐκεῖθεν
590 583 777 634 φανερόν,
805 584 866 623 ὅτι
893 583 1010 624 αὐτός
1040 582 1074 622 τ’
1106 583 1252 623 ἐπώλει
1287 584 1360 633 ζῶν
1394 583 1456 623 καὶ

127 651 336 700 Δημοφῶν
361 648 423 687 καὶ
450 648 562 690 οὗτος
586 652 655 688 τοῦ
679 649 826 700 πατρὸς
854 649 927 700 ἤδη
956 651 1282 700 τετελευτηκότος
1314 651 1357 689 ἐκ
1387 652 1456 700 τῆς

126 715 250 756 οἰκίας
275 717 344 764 τῆς
363 716 457 765 ἐμῆς
477 715 710 756 ἀπεδίδοντο
728 719 812 758 τοῖς
831 716 1110 767 βουλομένοις.
1182 717 1308 756 καίτοι
1327 717 1456 757 πόσον
1484 729 1530 764 33

125 782 214 821 τινὰ
241 781 317 835 χρὴ
348 780 417 821 τὸν
449 782 767 834 καταλειφθέντα
798 783 971 833 νομίζειν
1002 783 1114 829 εἶναι,
1142 784 1237 823 ὅταν
1267 783 1455 835 φαίνηται

66 866 106 890 10
124 849 368 898 τηλικούτοις
415 847 448 887 τ’
487 849 761 900 ἐργαστηρίοις
798 848 973 902 ἐξαρκῶν
1006 850 1069 890 καὶ
1104 850 1225 902 χωρὶς
1265 849 1341 889 ὑπὸ
1377 853 1454 890 τῶν

125 915 348 967 ἐπιτρόπων
386 916 724 966 πιπρασκόμενος;
775 915 837 968 ἆρ’
885 917 1038 969 ὀλίγον,
1084 915 1177 957 ἀλλ’
1225 916 1269 957 οὐ
1316 920 1454 971 πολλῷ

111 982 248 1022 ’πλείω
273 985 351 1022 τῶν
375 981 697 1034 ἐγκεκλημένων;
733 983 841 1034 λαβὲ
869 983 1001 1024 τοίνυν
1031 984 1100 1026 τὰς
1127 982 1336 1036 μαρτυρίας
1360 1000 1453 1024 ταυ-

121 1049 216 1091 τασὶ
240 1049 303 1090 καὶ
329 1047 523 1102 ἀνάγνωθ’
549 1049 690 1092 αὐτοῖς.

675 1192 900 1220 MAPTTPIAI.
1484 1180 1604 1235 [824]

64 1288 102 1321 15
187 1265 339 1306 Τούτου
363 1267 493 1306 τοίνυν
517 1269 586 1306 τοῦ
610 1265 831 1318 ἐλέφαντός
856 1268 945 1307 ἐστι
977 1266 1100 1308 πλέον
1123 1263 1146 1317 ἢ
1172 1267 1381 1314 τάλαντον,
1409 1267 1454 1309 ὃν

122 1331 203 1373 οὔτ’
219 1332 337 1373 αὐτὸν
353 1333 441 1373 οὕτε
466 1332 510 1372 τὸ
531 1332 646 1384 ἔργον
671 1350 738 1383 μοι
762 1334 1069 1385 ἀποφαίνουσιν,
1097 1335 1204 1374 ἀλλὰ
1230 1340 1292 1375 καὶ
1317 1338 1453 1376 τοῦτον

121 1398 244 1452 ἄρδην
270 1399 533 1451 ἀφανίζουσιν
557 1400 666 1439 ὅλον.

182 1464 276 1506 Ἔτι
300 1466 444 1511 τοίνυν,
472 1463 501 1504 ὦ
527 1465 663 1517 ἄνδρες
688 1467 885 1513 δικασταί,
913 1468 1018 1518 παρὰ
1042 1466 1110 1507 τὸν
1135 1468 1258 1519 λόγον
1283 1467 1327 1509 ὃν
1352 1469 1449 1509 ἀπο·
1481 1480 1527 1516 34

122 1531 328 1585 φέρουσιν,
359 1531 406 1583 ἐξ
435 1533 488 1572 ὧν
522 1531 632 1572 αὐτοὶ
667 1536 813 1583 λαβεῖν
844 1533 1126 1585 ὁμολογοῦσιν,
1155 1534 1333 1585 ἐπιδείξω
1362 1537 1452 1586 ὑμῖν

63 1615 103 1637 20
121 1603 226 1652 τρεῖς
250 1601 322 1651 μὲν
349 1601 465 1640 ὄντας
490 1599 629 1642 αὐτοὺς
658 1598 783 1639 πλέον
812 1596 835 1649 ἢ
869 1600 969 1639 ὀκτὼ
994 1599 1156 1641 τάλαντ’
1181 1603 1223 1641 ἐκ
1247 1605 1324 1642 τῶν
1349 1603 1452 1653 ἐμῶν

123 1667 301 1721 ἔχοντας,
349 1667 426 1720 ἰδίᾳ
468 1666 501 1706 δ’
545 1667 588 1706 ἐκ
629 1667 776 1707 τούτων
811 1665 1003 1719 ’Ἄφοβον
1045 1669 1132 1719 τρία
1173 1667 1347 1709 τάλαντα
1390 1669 1452 1710 καὶ

121 1734 256 1788 χιλίας
295 1735 500 1786 εἰληφότα,
545 1733 593 1774 τά
633 1733 666 1773 τ’
706 1733 939 1785 ἀνηλωμένα
981 1735 1102 1788 χωρὶς
1141 1735 1288 1776 τούτων
1326 1737 1450 1777 πλείω

120 1802 240 1843 τιθεὶς
274 1802 336 1842 καὶ
369 1801 431 1840 ὄσ’
459 1803 501 1842 ἐκ
533 1801 681 1842 τούτων
712 1801 914 1842 ἀπέδοσαν
944 1802 1136 1855 ἀφαιρῶν,
1165 1802 1214 1842 ἵν’
1248 1802 1366 1853 εἰδῆθ’
1392 1804 1451 1844 ὅτι

121 1869 166 1910 οὗ
198 1872 341 1921 μικρᾶς·
367 1869 564 1912 ἀναιδείας
592 1871 640 1909 τὰ
668 1869 922 1924 ἐγχειρήματ’
953 1869 1079 1910 αὐτῶν
1111 1869 1234 1910 ἐστίν.
1305 1873 1450 1920 λαβεῖν
1480 1882 1523 1919 35

62 1952 98 1984 25
121 1937 196 1988 γὰρ
223 1938 264 1976 ἐκ
294 1939 372 1976 τῶν
404 1938 507 1988 ἐμῶν
541 1938 808 1990 ὁμολογοῦσιν
839 1939 951 1980 οὗτος
979 1940 1052 1989 μὲν
1086 1937 1185 1977 ὀκτὼ
1216 1937 1277 1977 καὶ
1311 1935 1450 1977 ἑκατὸν

118 2005 232 2054 μνᾶς,
260 2004 380 2056 χωρὶς
405 2005 459 2044 ὧν
484 2003 616 2057 ἔχοντ’
641 2004 759 2045 αὐτὸν
785 2006 862 2057 ἐγὼ
888 2005 1068 2056 ἐπιδείξω
1095 2008 1176 2050 νῦν,
1199 2003 1449 2055 Θηριππίδης

119 2071 162 2110 δὲ
198 2070 265 2110 δύο
301 2070 489 2115 τάλαντα,
527 2075 733 2123 Δημοφῶν
766 2071 799 2112 δ’
833 2073 931 2112 ἑπτὰ
967 2073 1028 2112 καὶ
1061 2070 1302 2124 ὀγδοήκοντα
1333 2072 1445 2121 μνᾶς.

117 2139 232 2176 τοῦτο
258 2135 291 2176 δ’
318 2137 405 2176 ἐστὶ
429 2136 545 2177 πέντε
564 2137 741 2178 τάλαντα
768 2138 830 2178 καὶ
855 2139 1133 2179 πεντεκαίδεκα
1151 2142 1257 2189 μναῖ.
1309 2137 1446 2177 τούτου

161 2254 181 2283 3
206 2244 378 2277 κατέλειπε
402 2244 437 2279 S,
458 2245 498 2275 cs.
522 2247 558 2283 §5
578 2257 606 2284 4,
627 2247 657 2285 8,
676 2256 707 2285 9,
725 2257 768 2286 49
943 2256 963 2285 5
987 2248 1064 2289 πρὸς
1089 2247 1234 2279 ὠνεῖσθαι
1259 2246 1444 2279 Schaefer:

117 2290 350 2328 προσκυνεῖσθαι
367 2287 542 2327 legebatur
735 2299 774 2320 12
797 2289 918 2323 ταύτας
938 2290 964 2321 F
1160 2302 1178 2329 4
1204 2296 1403 2323 ΜΑΡΤὙΡΙΑ
1421 2290 1446 2321 S

119 2339 157 2369 17
183 2331 259 2362 ὅλον
277 2330 483 2371 ἀφανίζουσιν
500 2332 549 2362 A:
576 2332 654 2363 ὅλον
675 2332 740 2363 del.
761 2332 976 2364 Herwerden
1100 2343 1137 2363 21
1164 2334 1311 2366 τάλαντα
1332 2344 1398 2364 om.
1414 2333 1447 2363 A

117 2382 158 2402 22
183 2374 372 2411 ἀνηλωμένα
386 2373 431 2405 A:
449 2375 635 2414 ἆναλωμένα
650 2375 742 2414 vulg.
867 2386 907 2415 27
931 2381 1006 2416 post
1022 2376 1170 2408 τάλαντα
1185 2377 1262 2408 add.
1281 2378 1332 2408 καὶ
1349 2376 1445 2409 πέντε

116 2429 166 2447 και
183 2416 259 2448 δέκα
276 2419 354 2455 μνᾶς
373 2417 416 2447 S:
438 2427 501 2448 om.
521 2422 598 2447 cett.
