1685 2772
102 150 221 205 xxm]
522 155 682 193 ΠΡΟΣ
730 155 990 193 ΑΦΟΒΟΝ

99 264 207 305 ταῦθ’
239 265 362 311 οὗτος,
403 265 464 305 καὶ
499 264 569 315 τὴν
605 265 817 317 μαρτυρίαν
854 264 1042 317 ἔγραφεν,
1080 266 1192 306 οὐδὲν
1220 264 1288 317 ὑφ’
1318 265 1428 315 ἡμῶν

101 332 330 374 κελευσθεὶς
351 336 615 386 κακοτεχνεῖν,
635 332 724 372 οὐδὲ
748 331 792 372 τὸ
810 334 885 383 μὲν
908 331 1091 384 γράφειν,
1113 331 1157 371 τὸ
1182 331 1216 371 δ’
1241 333 1427 385 ἀφαιρεῖν

100 399 155 438 ὧν
180 398 293 441 οὗτος
317 398 460 450 εἰρήκει
484 399 574 451 περὶ
605 398 766 445 τούτων,
794 398 886 438 ἀλλ’
914 400 1049 440 ἁπλῶς
1085 400 1182 451 ὑπὲρ
1207 402 1274 439 τοῦ
1299 398 1427 439 πάντα

100 465 252 516 τάληθῆ
281 465 342 505 καὶ
371 467 418 505 τὰ
454 466 576 520 τούτῳ
599 465 768 518 ῥηθέντα
798 464 965 518 γράψαι.
1037 466 1161 505 καίτοι
1194 467 1234 506 τί
1262 465 1426 506 κάλλιον

61 543 80 575 5
100 530 148 582 ἧν
175 535 244 572 τοῦ
272 531 340 572 τὸν
373 536 492 573 παῖδα
526 532 788 584 στρεβλοῦντ’
820 532 980 584 ἐλέγξαι
1008 531 1274 585 ψευδομένους
1304 533 1425 583 ἡμᾶς;

100 598 207 639 ἀλλὰ
233 597 390 655 συνῄδει
416 599 573 640 πάντων
597 598 760 650 μάλιστ’
788 600 1005 650 ἀνθρώπων
1029 600 1090 639 ὅτι
1113 600 1263 649 τάληθῆ
1282 616 1425 651 μεμαρ-

98 665 272 717 τύρηται·
311 667 445 717 διόπερ
481 667 625 718 ἔφευγε
662 665 733 715 τὴν
770 665 968 711 βάσανον.
1039 667 1145 706 ἀλλὰ
1172 665 1248 717 μὴν
1273 666 1347 718 οὐχ
1371 667 1426 707 εἷς

98 731 188 772 οὐδὲ
208 732 275 772 δύο
299 732 405 772 ταῦτ’
431 733 582 779 ἴσασιν,
605 731 684 772 οὐδ’
710 732 783 772 ὑπὸ
808 732 937 783 μάλης
962 732 985 783 ἡ
1011 734 1231 785 πρόκλησις
1246 732 1423 784 γέγονεν,

99 797 192 839 ἀλλ’
215 800 258 839 ἐν
282 805 329 856 τῇ
354 799 477 854 ἀγορᾷ
501 798 606 855 μέσῃ
637 802 800 840 πολλῶν
831 800 1050 850 παρόντων.
1121 800 1188 840 καί
1215 816 1281 850 μοι
1315 799 1426 840 κάλει

40 878 80 901 10
97 866 246 906 τούτων
271 865 360 908 τοὺς
383 865 592 919 μάρτυρας.

653 996 870 1025 ΜΑΡΤΎῬΕΣ.

166 1077 282 1118 Οὕτω
312 1078 444 1118 τοίνυν
469 1076 581 1118 οὗτός
612 1077 724 1117 ἐστιν
756 1075 958 1128 σοφιστὴς
989 1077 1053 1117 καὶ
1084 1076 1227 1129 σφόδρ’
1257 1077 1356 1118 ἑκὼν
1380 1079 1428 1118 τὰ

99 1144 213 1184 δίκαι’
233 1145 393 1196 ἀγνοεῖν
408 1143 879 1196 προσποιούμενος,ὥστε
896 1145 1246 1196 ψευδομαρτυρίων
1263 1145 1424 1191 διώκων,

99 1212 163 1252 καὶ
199 1211 286 1263 περὶ
327 1211 465 1251 τούτου
500 1210 570 1260 τὴν
606 1212 748 1262 ψῆφον
785 1210 893 1260 ὑμῶν
933 1211 1166 1261 μελλόντων
1202 1213 1326 1252 οἴσειν
1365 1212 1427 1252 καὶ

40 1292 78 1325 15
97 1278 372 1329 ὀμωμοκότων,
400 1277 488 1329 περὶ
512 1279 581 1327 τῆς
609 1278 822 1329 μαρτυρίας
846 1278 919 1327 μὲν
950 1276 1094 1329 ἔφευγε
1129 1277 1200 1327 τὴν
1224 1277 1424 1328 βάσανον,

99 1345 187 1397 περὶ
207 1344 251 1384 οὗ
276 1344 453 1396 μάλιστα
488 1345 689 1393 προσῆκεν
714 1344 818 1397 αὐτῷ
845 1346 913 1383 τὸν
945 1344 1071 1395 λόγον
1095 1348 1313 1394 ποιεῖσθαι,
1338 1345 1426 1397 περὶ

99 1411 132 1451 δ’
168 1411 305 1451 ἄλλων
346 1411 473 1464 φησὶν
510 1409 690 1460 ἐξαιτεῖν,
735 1411 993 1462 ψευδόμενος.
1067 1412 1193 1451 καίτοι
1231 1416 1313 1454 πῶς
1353 1412 1427 1466 οὐχ

97 1477 307 1531 ὑπερφυές,
326 1477 444 1518 αὑτὸν
467 1480 540 1528 μὲν
559 1479 666 1517 δεινὰ
692 1476 932 1518 πεπονθέναι
958 1476 1141 1529 φάσκειν,
1165 1479 1198 1518 εἰ
1222 1482 1289 1519 τὸν
1316 1479 1424 1519 ἐλεύ-

100 1548 214 1597 θερον
234 1544 409 1595 ἐξαιτῶν,
431 1544 482 1586 ὡς
507 1545 584 1596 ἐγὼ
611 1547 753 1596 σαφῶς
778 1545 868 1594 ὑμῖν
895 1543 1089 1594 ἐπιδείξω,
1110 1544 1162 1596 μὴ
1183 1545 1424 1597 παρέλαβεν,

41 1631 81 1653 20
98 1612 186 1652 τοὺς
223 1614 264 1652 δὲ
299 1611 493 1663 μάρτυρας
529 1612 572 1652 οὐ
610 1613 717 1652 δεινὰ
755 1610 930 1664 πάσχειν
961 1612 1144 1661 νομίζειν,
1180 1615 1249 1652 τόν
1282 1613 1422 1663 ὁμολο-

99 1678 300 1731 γουμένως
346 1681 489 1718 δοῦλον
538 1678 625 1730 περὶ
667 1679 721 1718 ὧν
765 1678 1041 1730 ἐμαρτύρησαν
1084 1679 1315 1725 ἐκδιδόντος,
1358 1679 1426 1719 οὐκ

101 1745 308 1787 ἐθέλοντος
332 1745 468 1785 τούτου
493 1749 764 1797 παραλαβεῖν;
805 1745 848 1784 οὐ
883 1746 958 1797 γὰρ
979 1744 1024 1795 δὴ
1051 1745 1166 1785 τοῦτό
1200 1745 1237 1798 γ’
1270 1745 1426 1787 ἔνεστιν

101 1813 238 1858 εἰπεῖν,
283 1812 334 1854 ὡς
375 1813 463 1863 περὶ
500 1814 573 1862 μὲν
606 1816 723 1853 τινῶν
761 1813 815 1852 ὧν
853 1811 968 1853 αὐτὸς
1003 1813 1193 1863 βούλεται
1232 1812 1366 1865 σαφὴς
1402 1813 1424 1864 ἡ

99 1878 294 1930 βάσανος,
321 1879 409 1931 περὶ
434 1878 467 1918 δ’
494 1879 541 1919 αὖ
566 1883 682 1920 τινῶν
709 1878 754 1918 οὐ
782 1877 930 1930 σαφής.

42 1963 79 1993 25
160 1945 252 1985 ’Έτι
287 1946 429 1991 τοίνυν,
456 1944 485 1985 ὦ
522 1946 659 1998 ἄνδρες
692 1947 887 1992 δικασταί,
926 1946 1072 1996 ταύτην
1107 1945 1178 1996 τὴν
1213 1946 1425 1998 μαρτυρίαν

102 2012 371 2065 ἐμαρτύρησεν
396 2015 570 2065 ἁδελφὸς
604 2014 624 2052 ὁ
660 2013 798 2053 τούτου
832 2016 986 2065 πρῶτος
1013 2014 1166 2059 Αἴσιος,
1195 2012 1236 2055 ὃς
1262 2017 1329 2053 νῦν
1352 2015 1424 2064 μὲν

101 2078 262 2131 ἔξαρνός
285 2080 394 2119 ἐστιν
419 2080 542 2134 τούτῳ
563 2080 940 2133 συναγωνιζόμενος,
968 2081 1058 2120 τότε
1096 2079 1129 2119 δ’
1157 2080 1424 2132 ἐμαρτύρησεν

100 2150 221 2186 ταῦτα
244 2148 341 2197 μετὰ
365 2150 442 2186 τῶν
467 2146 614 2192 ἄλλων,
634 2146 713 2186 οὔτ’
732 2148 923 2199 ἐπιορκεῖν
945 2146 1024 2186 οὔτ’
1051 2146 1162 2188 εὐθὺς
1188 2149 1425 2200 παραχρῆμα

145 2266 164 2285 2
188 2256 316 2296 ἆφερεῖν
334 2255 372 2286 Sl
550 2266 569 2295 3
593 2255 699 2287 πάντα
715 2256 840 2294 τάληθῆ
858 2255 948 2295 vulg.
965 2267 972 2287 ε
998 2257 1187 2294 πάντάληθῆ
1210 2255 1233 2287 S
1403 2266 1424 2297 5

104 2298 268 2340 ἐξελέγξαι
284 2298 315 2328 Α
328 2299 358 2329 D
493 2309 509 2338 7
537 2300 654 2340 ἔφευγε
672 2299 696 2329 S
712 2309 718 2328 :
743 2299 885 2340 πέφευγε
903 2299 934 2329 Α
951 2310 958 2330 :
983 2299 1083 2341 ἔφυγε
1102 2300 1127 2330 F
1261 2309 1299 2339 15
1324 2301 1422 2341 ἔφυγε

103 2342 176 2372 AD
325 2343 363 2373 18
395 2344 490 2375 αὑτὸν
517 2342 635 2381 scripsi
661 2352 734 2372 cum
763 2342 797 2381 S,
827 2342 866 2373 cf.
894 2342 997 2373 Isocr.
1022 2343 1104 2373 xviii
1131 2352 1190 2382 15:
1216 2344 1311 2376 αὐτὸν
1335 2344 1421 2383 vulg.

104 2396 146 2416 20
170 2385 429 2426 ὁμολογούμενον
445 2388 484 2418 ὡς
502 2385 528 2416 F
540 2385 569 2415 D
718 2395 755 2415 21
783 2385 1001 2427 ἐμαρτύρησεν
1017 2386 1048 2416 Α
1190 2397 1231 2416 22
1255 2389 1289 2418 οὐ
1306 2388 1367 2429 γὰρ
1384 2388 1421 2426 δὴ

104 2428 170 2459 SA
186 2439 192 2459 :
218 2429 288 2461 οὐδὲ
303 2431 364 2470 γὰρ
382 2428 448 2459 FD
584 2429 627 2458 26
650 2427 789 2469 ἁδελφὸς
808 2428 966 2459 Bekker:
991 2431 1006 2460 ὁ
1024 2430 1072 2461 ἀδ.
1093 2429 1117 2460 S
1135 2440 1142 2460 ε
1167 2430 1215 2461 ἀδ.
1236 2431 1325 2469 vulg.

1296 2486 1336 2516 3*

1459 155 1578 209 [848]

1459 476 1500 502 12

1462 1092 1502 1128 13

1461 1432 1503 1466 14

1457 1931 1580 2023 [349]
