1685 2772
39 130 178 184 [1002]

135 468 179 503 27

136 997 178 1032 28

38 1264 179 1318 [1003]

134 1413 178 1447 29

135 1881 182 1914 30

638 138 1129 177 ΔΗΜΟΣΘΕΝΟΎΣ
1397 134 1546 189 [xxxnc

212 250 324 305 γάμῳ
350 251 584 303 γεγαμηκὼς
608 250 678 299 τὴν
706 249 803 300 ἐμὴν
833 249 996 301 μητέρα,
1026 249 1163 302 ἑτέραν
1190 249 1273 302 εἶχε
1299 254 1475 301 γυναῖκα,
1502 250 1548 301 ἧς

211 319 318 369 ὑμεῖς
345 317 449 363 ἐστέ,
478 318 541 358 καὶ
568 316 624 356 δύἓ
642 317 764 358 οἰκίας
791 315 888 371 ᾤκει,
917 320 998 358 πῶς
1019 316 1067 356 ἂν
1087 317 1273 368 ἀργύριον
1298 320 1473 358 τοιοῦτος
1493 315 1547 357 ὢν

211 384 440 431 κατέλιπεν,·

278 452 361 492 Οὐκ
401 452 530 503 ἀγνοῶ
573 452 717 496 τοίνυν,
762 449 791 490 ὦ
831 450 968 501 ἄνδρες
1011 450 1227 501 Ἀθηναῖοι,
1271 451 1331 490 ὅτι
1374 450 1546 494 Βοιωτὸς

211 519 345 559 οὑτοσὶ
372 520 520 559 δίκαιον
545 521 617 569 μὲν
642 518 754 558 οὐδὲν
780 517 859 568 ἕξει
883 517 1030 570 λέγειν,
1059 517 1143 568 ἥξει
1168 518 1200 558 δ’
1229 518 1292 558 ἐπὶ
1316 517 1425 558 ταῦθ’
1445 518 1546 571 ἅπερ

211 586 270 627 ἀεὶ
295 585 417 638 λέγει,
448 585 498 627 ὡς
528 585 740 638 ἐπηρέαζεν
767 586 786 624 ὁ
812 585 940 636 πατὴρ
966 584 1066 639 αὐτῷ
1094 586 1327 636 πειθόμενος
1351 585 1416 626 ὑπ’
1438 587 1544 636 ἐμοῦ,

211 653 313 704 ἀξιοῖ
339 653 371 693 δ’
398 652 513 694 αὐτὸς
539 653 590 695 ὡς
616 652 660 702 δὴ
692 652 967 704 πρεσβύτερος
997 650 1050 692 ὢν
1078 652 1234 703 τοῦνομ’
1262 652 1371 706 ἔχειν
1404 651 1448 693 τὸ
1477 656 1546 692 τοῦ

210 721 307 773 πρὸς
333 720 479 774 πατρὸς
504 719 678 761 πάππου.
753 718 848 771 πρὸς
873 719 918 769 δὴ
945 718 1049 759 ταῦτ’
1075 720 1241 759 ἀκοῦσαι
1260 719 1428 770 βέλτιον
1446 721 1545 771 ὑμᾶς

209 788 379 841 βραχέα.
450 789 528 840 ἐγὼ
554 789 630 840 γὰρ
656 788 742 828 οἶδα
767 790 917 832 τοῦτον,
946 786 1002 826 ὅτ’
1023 787 1128 827 οὔπω
1156 786 1353 839 συγγενὴς
1377 786 1425 838 ἧν
1444 787 1543 838 ἐμοί,

210 857 310 908 ὁρῶν
337 856 471 908 ὥσπερ
500 854 547 896 ἂν
585 854 713 895 ἄλλον
742 854 813 895 τιν’
839 853 998 899 οὑτωσί,
1027 854 1218 905 νεώτερον
1251 853 1332 894 ὅντ’
1358 855 1452 905 ἐμοῦ
1482 855 1545 895 καὶ

211 927 357 978 συχνῷ,
390 923 453 963 ὅσ’
479 925 495 963 ἐ
554 924 700 976 ὅψεως,
736 922 781 962 οὐ
812 921 889 973 μὴν
921 922 1170 975 ἰσχυρίζομαι
1200 921 1325 976 τούτῳ
1357 919 1436 972 (καὶ
1469 922 1544 974 γὰρ

212 989 371 1041 εὔηθες)·
411 989 503 1030 ἀλλ’
535 992 571 1031 εἴ
597 1007 655 1033 τις
688 990 817 1042 ἔροιτο
850 988 1023 1029 Βοιωτὸν
1056 990 1224 1035 τουτονί,
1257 988 1312 1028 ὅτ’
1343 990 1386 1029 ἐν
1410 988 1544 1029 Ἵππο-

211 1059 368 1098 θωντίδι
385 1062 493 1113 φυλῇ
512 1056 645 1107 ἠξίους
664 1058 859 1110 χορεύειν,
881 1057 988 1096 οὔπω
1008 1059 1077 1096 τοῦ
1097 1056 1241 1108 πατρὸς
1259 1055 1358 1096 εἶναι
1375 1055 1544 1108 φάσκων

211 1129 278 1165 τοῦ
305 1126 399 1175 ἐμοῦ
422 1125 516 1170 υἱός,
545 1126 586 1165 τί
614 1123 761 1164 σαυτὸν
788 1123 897 1176 ἔχειν
920 1124 1079 1165 δικαίως
1112 1123 1160 1163 ἂν
1191 1123 1296 1173 θείης
1322 1125 1466 1174 ὄνομα,·
1511 1124 1545 1164 εἶ

211 1194 284 1244 γὰρ
312 1192 552 1237 Μαντίθεον,
579 1191 649 1232 οὐκ
672 1190 722 1232 ἂν
747 1192 810 1231 διὰ
834 1191 953 1231 τοῦτό
973 1208 1021 1244 γε
1046 1191 1166 1242 φαίης
1191 1191 1252 1230 ὅτι
1271 1190 1545 1242 πρεσβύτερος

211 1259 248 1298 εἶ
270 1260 374 1309 ἐμοῦ.
446 1257 488 1299 ὃς
513 1260 588 1310 γὰρ
614 1258 703 1298 οὐδὲ
727 1260 796 1308 τῆς
822 1260 953 1310 φυλῆς
982 1258 1074 1298 τότε
1105 1274 1174 1297 σοι
1206 1256 1422 1309 προσήκειν
1446 1257 1545 1309 ἡγοῦ

210 1328 277 1375 τῆς
308 1327 414 1375 ἐμῆς,
444 1329 526 1366 πῶς
563 1324 611 1365 ἂν
643 1327 713 1365 τοῦ
744 1341 791 1377 γε
821 1324 986 1365 πάππου
1018 1327 1090 1365 τοῦ
1121 1325 1216 1375 ἐμοῦ
1243 1323 1542 1375 ἠμφεσβήτεις;

210 1392 267 1432 ἔτι
292 1392 337 1438 δ’,
366 1390 396 1432 ὦ
422 1391 561 1443 ἄνδρες
586 1390 801 1441 Ἀθηναῖοι,
828 1390 895 1431 τὸν
919 1393 992 1442 μὲν
1017 1394 1095 1431 τῶν
1120 1393 1217 1431 ἐτῶν
1242 1391 1389 1443 χρόνον
1418 1390 1543 1433 οὐδεὶς

210 1459 313 1499 οἶδεν
349 1460 457 1510 ὑμῶν
491 1457 584 1510 (ἐγὼ
626 1460 699 1509 μὲν
740 1459 814 1510 γὰρ
851 1458 940 1509 ἐμοὶ
977 1459 1156 1504 πλείονα,
1197 1458 1309 1498 οὗτος
1349 1457 1381 1498 δ’
1419 1460 1542 1512 ἑαυτῷ

210 1524 360 1578 φήσει),
382 1525 451 1566 τὸν
475 1527 518 1566 δὲ
543 1528 613 1566 τοῦ
637 1527 786 1566 δικαίου
811 1525 937 1577 λόγον
960 1524 1135 1568 ἅπαντες
1158 1526 1394 1565 ἐπίστασθε.
1453 1524 1545 1565 ἔστι

210 1593 243 1632 δ’
281 1593 393 1634 οὗτος
426 1593 503 1639 τίς;
547 1592 618 1645 ἀφ’
649 1592 693 1632 οὗ
728 1596 869 1634 παῖδας
898 1591 1118 1643 ἐποιήσατο
1148 1592 1308 1634 τούτους
1345 1593 1366 1632 ὁ
1398 1590 1540 1643 πατήρ,

211 1661 287 1700 ἀπὸ
312 1660 451 1700 τούτου
483 1659 547 1700 καὶ
577 1660 820 1710 νομίζεσθαι.
892 1660 1086 1712 πρότερον
1113 1661 1247 1700 τοίνυν
1279 1658 1338 1710 ἔμ’
1365 1660 1420 1701 εἷς
1452 1658 1543 1700 τοὺς

211 1728 382 1778 δημότας
419 1726 618 1779 ἐνέγραψε
651 1728 892 1773 Μαντίθεον,
928 1728 1019 1778 πρὶν
1054 1728 1285 1778 εἰσαγαγεῖν
1313 1729 1451 1766 τοῦτον
1487 1726 1543 1767 εἰς

212 1795 301 1836 τοὺς
337 1793 547 1846 φράτερας.
633 1793 727 1833 ὥστ’
752 1795 797 1834 οὐ
832 1798 884 1848 τῷ
918 1794 1048 1848 χρόνῳ
1084 1794 1218 1844 μόνον,
1248 1794 1355 1833 ἀλλὰ
1391 1793 1454 1833 καὶ
1488 1796 1542 1847 τῷ

212 1863 344 1916 δικαίῳ
371 1864 589 1913 πρεσβεῖον
616 1861 743 1914 ἔχοιμ’
762 1860 810 1901 ἂν
831 1862 909 1913 ἐγὼ
927 1861 1096 1911 τοῦνομα
1117 1860 1220 1900 τοῦτ’
1238 1860 1409 1901 εἰκότως.
1450 1859 1539 1901 εἶεν.

212 1930 244 1968 εἰ
270 1928 312 1968 δέ
336 1930 394 1970 τίς
419 1928 456 1967 σ’
483 1928 623 1980 ἔροιτο,
653 1927 765 1969 (εἰπέ
795 1945 876 1979 μοι,
906 1927 1064 1974 Βοιωτέ,
1093 1928 1216 1968 πόθεν
1249 1931 1317 1968 νῦν
1343 1926 1540 1977 Ἀκαμαν-

211 1996 316 2038 τίδος
341 1998 469 2048 φυλῆς
494 1994 663 2048 γέγονας
690 1995 751 2035 καὶ
776 1999 854 2035 τῶν
880 1994 1012 2045 δήμων
1034 1996 1219 2046 Θορίκιος
1246 1994 1308 2034 καὶ
1332 1993 1413 2035 υἱὸς
1431 1997 1541 2033 Μαν-

257 2116 269 2135 1
295 2105 403 2147 γάμῳ]
416 2106 499 2146 νόμῳ
518 2106 681 2137 Schaefer
780 2117 798 2135 2
824 2106 972 2148 ἀργύριον
982 2105 1170 2147 (τοσοῦτον)
1182 2105 1308 2144 Naber,
1318 2106 1379 2136 sed
1397 2105 1439 2135 cf.
1454 2105 1540 2137 Isae.

211 2150 241 2179 vi
260 2159 303 2187 30
391 2150 410 2178 8
438 2151 514 2190 πρὸς
532 2150 563 2180 in
584 2161 647 2188 mg.
666 2161 684 2180 a
702 2160 750 2189 pr.
771 2161 812 2179 m.
836 2151 859 2180 S
964 2159 998 2179 11
1027 2153 1154 2189 συχνῶς
1174 2149 1238 2186 FQ
1253 2148 1283 2178 D
1392 2159 1428 2187 13
1454 2150 1541 2189 ἠξίου

1568 870 1607 892 10

1567 1211 1604 1243 15

1566 1539 1604 1560 20

1564 1872 1602 1904 25

212 2193 258 2232 (in
278 2193 344 2222 fine
362 2203 481 2222 versus
503 2193 543 2233 S)
561 2193 707 2235 χορεύειν
725 2194 823 2224 codd.
842 2205 849 2223 ε
873 2193 1020 2234 χορεύειν
1037 2194 1140 2233 ἠξίους
1158 2192 1256 2222 Blass
1360 2202 1398 2231 14
1423 2205 1475 2224 υος
1493 2192 1516 2222 S
1532 2204 1539 2223 :
1588 2208 1590 2211 ·

212 2237 274 2267 υίὸς
290 2236 394 2274 vulg,
409 2237 499 2275 quod
519 2242 598 2276 post
614 2237 748 2277 φάσκων
765 2242 895 2275 transp.
911 2237 1026 2266 Blass:
1055 2236 1167 2265 malim
1185 2235 1315 2272 delere,
1334 2236 1377 2268 cf.
1393 2239 1407 2272 ξ
1425 2245 1455 2272 2,
1468 2236 1540 2276 2¹¹9

215 2289 250 2317 15
274 2293 313 2319 γε
333 2290 395 2309 om.
420 2280 484 2318 FQ
500 2280 528 2310 D
665 2290 701 2319 17
727 2281 951 2320 ἠμφεσβήτεις
969 2280 1012 2310 S:
1040 2280 1258 2319 ἠμφισβήτεις
1276 2279 1364 2318 vulg,
1502 2280 1540 2309 18

212 2325 292 2354 ἐτῶν
310 2333 375 2354 om.
397 2323 432 2353 5¹
452 2324 484 2353 in
505 2324 571 2354 fine
586 2334 726 2361 versus;
753 2324 785 2353 in
805 2334 868 2362 mg.
886 2324 960 2354 add.
975 2333 1017 2352 m.
1031 2327 1100 2353 ant.
1163 2322 1280 2363 χρόνον
1298 2323 1385 2353 SA:
1411 2323 1540 2363 ἀριθμὸν

210 2367 298 2404 vulg.
392 2369 432 2397 26
456 2368 505 2399 τίς
524 2368 553 2398 ιγ’
570 2367 671 2408 ἔροιτο
690 2367 731 2397 S:
759 2366 790 2398 σ’
810 2366 912 2407 ἔροιτό
929 2379 978 2398 τις
994 2366 1025 2396 Α
1039 2366 1064 2396 F
1076 2366 1105 2395 D
1120 2375 1127 2395 t
1151 2379 1201 2398 τις
1219 2365 1324 2406 ἔροιτό
1341 2377 1378 2397 σε
1396 2365 1538 2396 Aristid.

211 2409 328 2449 (Walz
341 2410 374 2440 ix
387 2412 465 2450 389)
545 2412 651 2449 26-27
678 2413 712 2442 ἐν
729 2410 936 2449 Ἀκαμαντίδι
954 2411 1041 2451 φυλῇ
1060 2409 1085 2439 F
1098 2409 1127 2447 Q
1227 2420 1266 2448 27
1291 2413 1356 2441 τῶν
1367 2409 1474 2449 δήμων
1492 2409 1515 2439 S
1532 2420 1539 2439 ε

210 2454 266 2485 τὸν
283 2456 383 2494 δῆμον
403 2453 433 2483 Α
449 2465 455 2485 1
481 2458 546 2486 τῶν
564 2457 710 2493 δημοτῶν
727 2453 756 2491 Q
772 2454 819 2484 D:
847 2456 910 2484 τῶν
924 2456 1078 2492 δημωτῶν
1096 2453 1121 2483 F
1210 2454 1261 2484 ὑὸς
1280 2452 1316 2483 S¹
