1685 2772
53 507 70 538 5

34 839 72 862 10

30 1516 70 1537 20

30 1846 66 1878 ²5

94 112 248 167 xxxnl]
451 117 611 155 ΠΡΟΣ
658 116 1069 155 ΑΠΑΤΟὙΡΙΟΝ

91 229 147 270 εἷς
166 227 267 268 εἶναι
284 228 304 266 ὁ
329 227 528 277 διαιτητὴς
547 226 822 278 Ἀριστοκλῆς,
848 226 900 278 μὴ
927 228 1093 268 ἀπεῖπεν
1111 229 1151 267 δὲ
1169 229 1188 266 ὁ
1206 227 1426 280 Παρμένων

92 294 193 348 αὐτῷ
216 294 300 334 καθ’
323 295 440 334 αὑτοῦ
458 293 510 344 μὴ
532 296 696 340 διαιτᾶν,
716 295 822 334 ἀλλά
842 293 994 345 συνέβη
1015 294 1107 346 πρὶν
1126 294 1196 344 τὴν
1216 295 1425 347 ἀπόφασιν

91 361 280 414 γενέσθαι
317 363 386 411 τῆς
419 361 568 411 διαίτης
600 361 623 412 ἡ
663 363 849 414 συμφορὰ
885 362 936 416 τῷ
971 362 1176 416 ἀνθρώπῳ,
1208 363 1267 403 τίς
1303 363 1425 403 οὕτως

92 428 195 478 ὠμός
218 430 331 468 ἐστιν
360 428 558 470 ἀντίδικος
585 425 609 478 ἢ
639 427 837 479 διαιτητὴς
869 427 912 470 ὃς
941 428 1009 468 οὐκ
1037 428 1085 469 ἂν
1114 428 1338 479 ἀνεβάλετο
1370 431 1424 470 εἰς

90 495 136 535 τὸ
161 497 401 546 ἐπιδημῆσαι
425 494 495 535 τὸν
521 494 746 547 ἄνθρωπον;
788 496 821 536 εἰ
852 497 894 536 δὲ
917 496 938 534 ὁ
965 494 1186 547 Παρμένων
1216 497 1270 537 εἷς
1298 497 1424 548 λόγον

92 563 289 604 καταστὰς
309 565 512 616 πανταχοῦ
530 562 735 614 δικαιότερ’
754 561 803 602 ἂν
823 563 1005 615 φαίνοιτο
1023 562 1155 615 λέγων
1171 563 1323 609 τούτου,
1341 567 1424 604 πῶς

90 628 139 669 ἂν
175 630 298 680 ὀρθῶς
334 630 427 680 ἐμοῦ
466 630 837 682 καταγιγνώσκοιτε,
865 627 892 684 ᾧ
924 629 969 670 τὸ
1004 630 1190 683 παράπαν
1222 630 1318 682 πρὸς
1354 630 1423 670 τὸν

89 694 295 748 ἄνθρωπον
324 697 476 737 τουτονὶ
500 698 621 747 μηδὲν
647 696 899 748 συμβόλαιόν
925 698 1054 744 ἐστιν;

149 761 248 802 “O-rc
272 765 345 814 μὲν
371 763 440 803 οῦν
465 764 543 815 ἐγὼ
567 765 638 814 μὲν
657 765 782 815 ὀρθῶς
807 762 878 813 τὴν
902 767 1170 817 παραγραφὴν
1193 765 1420 815 πεποίημαι,

90 828 351 882 Ἀπατούριος
383 832 425 870 δὲ
453 831 502 870 τὰ
531 832 659 881 ψευδῆ
691 830 905 882 ἐγκέκληκε
934 832 997 872 καὶ
1027 833 1132 883 παρὰ
1161 832 1250 873 τοὺς
1281 832 1422 882 νόμους

89 896 163 946 τὴν
194 894 310 946 λῆξιν
344 898 566 947 πεποίηται,
600 899 641 937 ἐκ
675 901 839 938 πολλῶν
871 896 978 948 οἶμαι
1008 899 1274 952 ἐπιδεδεῖχθαι
1306 902 1421 938 τοῦτο

89 964 193 1014 ὑμῖν,
225 961 254 1003 ὦ
288 963 424 1016 ἄνδρες
461 965 657 1004 δικασταί·
694 964 738 1004 τὸ
776 966 816 1005 δὲ
855 964 1086 1017 κεφάλαιον,
1114 965 1209 1018 πρὸς
1246 967 1313 1016 ἐμὲ
1341 964 1421 1005 οὐδ’

90 1029 338 1083 ἐπιχειρήσει
374 1030 509 1083 λέγειν
546 1031 809 1083 ἷΑπατούριος
849 1031 901 1074 ὡς
942 1033 1138 1083 συνθῆκαί
1175 1049 1277 1074 τινες
1318 1032 1420 1087 αὐτῷ

91 1097 205 1137 εἰσίν.
277 1098 372 1138 ὅταν
410 1100 453 1138 δὲ
489 1097 589 1154 λέγῃ
628 1099 886 1150 ψευδόμενος,
927 1098 978 1140 ὡς
1019 1101 1061 1139 ἐν
1102 1103 1186 1141 ταῖς
1222 1099 1318 1151 πρὸς
1352 1099 1420 1139 τὸν

90 1163 353 1216 Παρμένοντα
378 1163 590 1215 συνθήκαις
615 1164 840 1218 ἐνεγράφην
860 1164 1065 1218 ἐγγυητής,
1083 1167 1283 1207 ἀπαιτεῖτε
1302 1165 1421 1206 αὐτὸν

89 1232 159 1272 τὰς
203 1230 412 1281 συνθήκας,
460 1233 521 1272 καὶ
570 1233 738 1272 ἐνταῦθα
778 1231 879 1287 αὐτῷ
919 1233 1129 1279 ἀπαντᾶτε,
1174 1234 1235 1273 ὅτι
1274 1232 1419 1276 πάντες

90 1296 300 1349 ἄνθρωποι,
328 1299 424 1338 ὅταν
449 1298 546 1350 πρὸς
572 1297 774 1349 ἀλλήλους
798 1303 987 1340 ποιῶνται
1012 1299 1260 1353 συγγραφάς,
1278 1301 1420 1341 τούτου

90 1364 206 1404 ἕνεκα
239 1364 512 1416 σημηνάμενοι
543 1367 717 1406 τίθενται
748 1365 838 1418 παρ’
863 1367 921 1409 οἷς
951 1365 1000 1407 ἂν
1028 1368 1314 1414 πιστεύσωσιν,
1341 1368 1417 1414 ἵνα,

91 1430 159 1471 ἐάν
178 1448 216 1471 τι
236 1431 516 1483 ἀντιλέγωσιν,
537 1431 562 1488 ᾖ
581 1432 712 1474 αὐτοῖς
738 1434 1028 1473 ἐπανελθοῦσιν
1048 1434 1112 1473 ἐπὶ
1130 1435 1177 1474 τὰ
1196 1433 1416 1486 γράμματα,

91 1499 269 1539 ἐντεῦθεν
288 1498 356 1538 τὸν
376 1499 546 1551 ἔλεγχον
564 1498 811 1549 ποιήσασθαι
830 1500 918 1552 περὶ
936 1503 1003 1540 τοῦ
1022 1500 1416 1553 ἀμφισβητουμένου.

90 1566 184 1606 ὅταν
211 1564 244 1605 δ’
282 1566 484 1617 ἀφανίσας
523 1583 581 1607 τις
620 1567 807 1618 τάκριβὲς
841 1567 949 1621 λόγῳ
987 1566 1186 1617 ἐξαπατᾶν
1224 1570 1415 1619 πειρᾶται,

89 1636 172 1674 πῶς
201 1632 249 1672 ἂν
281 1633 439 1674 δικαίως
468 1633 709 1680 πιστεύοιτε,·
748 1634 854 1673 ἀλλὰ
886 1633 932 1684 νὴ
966 1635 1044 1674 Δία
1071 1632 1131 1685 (τὸ
1158 1635 1308 1689 ῥᾷστον
1337 1638 1418 1676 τοῖς

90 1700 238 1740 ἀδικεῖν
264 1699 325 1739 καὶ
352 1703 619 1751 συκοφαντεῖν
644 1696 945 1756 προῃρημένοις)
969 1700 1211 1753 μαρτυρήσει
1234 1718 1292 1742 τις
1317 1700 1417 1755 αὐτῷ

90 1765 173 1806 κατ’
195 1767 300 1817 ἐμοῦ.
355 1768 424 1807 ἐὰν
450 1766 518 1806 οῦν
537 1766 823 1819 ἐπισκήψωμαι
841 1767 957 1822 αὐτῷ,
981 1768 1103 1808 πόθεν
1121 1767 1193 1819 τὴν
1217 1766 1419 1818 ἀπόδειξιν

88 1832 300 1883 ποιήσεται
334 1837 402 1873 τοῦ
434 1834 561 1885 ἀληθῆ
592 1838 819 1886 μαρτυρεῖν,·
857 1835 900 1874 ἐκ
933 1838 1010 1875 τῶν
1041 1837 1265 1885 συνθηκῶν;
1302 1838 1418 1875 τοῦτο

87 1901 220 1940 τοίνυν
256 1900 308 1951 μὴ
351 1901 662 1952 ἀναβαλλέσθω,
706 1900 799 1941 ἀλλ’
840 1900 914 1952 ἤδη
953 1900 1106 1953 φερέτω
1149 1902 1170 1942 ὁ
1208 1901 1312 1955 ἔχων
1349 1903 1419 1944 τὰς

89 1965 298 2017 συνθήκας.
349 1968 384 2008 εἰ
418 1967 452 2007 δ’
489 1967 742 2009 ἀπολωλέναι
775 1968 915 2020 φησίν,
941 1968 1063 2008 πόθεν
1094 1967 1212 2020 λάβω
1241 1969 1318 2021 ἐγὼ
1351 1968 1420 2009 τὸν

90 2034 260 2087 ἔλεγχον
285 2036 788 2087 καταψευδομαρτυρηθείς;
824 2036 858 2076 εἰ
881 2036 954 2086 μὲν
979 2036 1054 2087 γὰρ
1080 2034 1170 2088 παρ’
1196 2036 1280 2087 ἐμοὶ
1306 2034 1417 2086 ἐτέθη

133 2154 152 2174 2
176 2144 248 2185 πρὶν
271 2145 291 2181 ἦ
316 2144 412 2174 codd.
435 2156 442 2174 ε
465 2145 485 2182 ἢ
509 2144 573 2174 del.
604 2144 708 2175 Dind.
890 2154 928 2174 10
951 2147 1052 2185 ψευδη
1071 2144 1118 2174 S:
1141 2146 1240 2185 ψευδῆ
1258 2158 1311 2184 μοι
1328 2145 1415 2183 vulg.

93 2187 131 2216 18
154 2187 274 2218 τίθεται
288 2187 325 2217 Sl
415 2188 453 2219 ’ἂν
469 2187 500 2216 Α
515 2199 520 2219 :
548 2188 604 2220 ἐὰν
620 2187 707 2226 vulg.
796 2187 1016 2220 πιστεύσωσιν
1032 2188 1122 2227 vulg.
1140 2199 1148 2219 ε
1171 2201 1203 2219 τι
1220 2187 1418 2219 πιστεύσωσι

91 2231 115 2260 S
252 2240 290 2268 19
315 2230 370 2262 ἐάν
387 2244 418 2262 τι
436 2230 579 2271 λέγωσιν
597 2231 621 2262 S
725 2230 746 2272 ἦ
761 2241 825 2262 om.
847 2230 872 2261 F
886 2231 916 2270 Q
929 2231 959 2261 D
1064 2230 1186 2272 αὐτοῖς]
1206 2233 1328 2263 ἑαυτοῖς
1345 2231 1374 2270 Q
1389 2231 1419 2261 D

91 2276 321 2305 ἐπανελθοῦσιν
339 2273 362 2304 S
376 2273 427 2304 A:
454 2273 672 2306 ἐπανέλθωσιν
690 2274 754 2313 FQ
769 2274 798 2304 D
900 2285 938 2305 21
965 2274 1134 2317 τάκριβὲς]
1154 2274 1291 2313 τάληθὲς
1309 2274 1374 2313 FQ
1388 2275 1418 2304 D

90 2326 130 2345 22
156 2316 339 2348 πιστεύοιτο
356 2317 386 2346 Α
520 2327 560 2355 27
586 2317 825 2350 ἀπολωλεκέναι
843 2318 876 2348 Α
964 2319 1064 2359 φησίν
1078 2319 1101 2349 S
1115 2330 1121 2350 z
1148 2320 1244 2360 φήσει
1261 2318 1292 2348 Α
1307 2329 1314 2349 :
1338 2319 1418 2358 φησὶ

89 2358 165 2391 τότε
182 2359 272 2398 vulg.
410 2361 474 2401 ἐγὼ
490 2361 583 2397 λάβω
599 2361 631 2391 Α
762 2363 804 2392 28
827 2361 888 2402 μὲν
903 2372 969 2392 om.
988 2362 1014 2392 F
1026 2361 1056 2400 Q
1070 2361 1100 2391 D

1459 107 1580 162 [903]

1454 782 1495 818 35

1453 1098 1576 1155 [904]

1449 1646 1493 1681 37
