1685 2772
48 119 174 175 [998]

139 385 178 419 13

141 797 183 831 14

143 1197 182 1233 15

52 1520 186 1577 [999]

146 1657 188 1691 16

635 128 1122 166 ΔΗΜΟΣΘΕΝΟΎΣ
1390 123 1537 178 [xxxlx

211 240 330 293 κάγώ,
359 239 403 280 τὸ
435 242 531 291 γοῦν
563 238 646 278 κατ’
673 237 754 289 ἐμέ·
805 237 895 278 ἀλλ’
927 237 1006 277 οὐδ’
1036 238 1164 278 αἰτίαν
1197 237 1379 287 τοιαύτης
1407 239 1542 288 ζημίας

211 309 336 348 ἐνίους
363 306 469 359 ἔχειν
497 306 630 351 καλόν,
659 304 748 355 ἐξὸν
773 305 838 355 μή.

281 374 386 414 Εῖεν.
460 374 565 413 ἀλλὰ
591 376 711 412 ταῦτα
739 372 855 423 μὲνὴ
882 372 998 413 πόλις
1026 370 1265 423 βλάπτεται·
1304 372 1381 424 ἐγὼ
1408 371 1439 412 δ’
1467 373 1544 426 ἰδίᾳ

212 443 267 489 τί;
308 439 502 481 θεάσασθ’
528 440 659 490 ἡλίκα,
689 439 751 479 καὶ
785 438 961 479 σκοπεῖτ’
988 438 1035 478 ἄν
1063 456 1100 478 τι
1130 441 1229 479 δοκῶ
1256 438 1403 491 λέγειν·
1441 439 1544 479 πολὺ

210 510 286 562 γὰρ
311 508 571 562 χαλεπώτερα
595 506 702 547 ταῦθ’
728 508 782 546 ὧν
814 505 996 556 ἀκηκόατ’
1023 507 1146 546 ἐστίν.
1218 507 1332 557 ὁρᾶτε
1364 507 1436 557 μὲν
1469 507 1543 558 γὰρ
1565 524 1581 555 5

213 576 385 616 ἅπαντες
418 574 536 615 αὐτὸν
572 574 791 627 χρώμενον,
820 573 893 614 ἕως
924 575 997 623 μὲν
1028 572 1105 623 ἔζη,
1141 576 1343 613 Μενεκλεῖ
1371 573 1434 613 καὶ
1463 577 1544 615 τοῖς

214 643 301 695 περὶ
338 644 490 683 ἐκεῖνον
525 642 758 693 ἀνθρώποις,
797 644 866 681 νῦν
900 639 932 680 δ’
967 639 1115 692 ἑτέροις
1150 640 1298 680 ἐκείνου
1331 641 1544 691 βελτίοσιν

245 709 303 724 ’ml

214 723 339 757 ουοεν,
376 710 437 749 καὶ
476 711 524 749 τὰ
558 707 703 749 τοιαῦτ’
738 707 963 758 ἐζηλωκότα
1005 707 1069 748 καὶ
1108 706 1236 748 δεινὸν
1275 710 1403 747 δοκεῖν
1445 707 1545 748 εἶναι

215 778 479 830 βουλόμενον·
517 776 581 816 καὶ
605 775 650 826 νὴ
681 775 749 815 Δί’
767 777 864 817 ἴσως
890 774 1013 815 ἔστιν.
1086 774 1134 815 ἂν
1160 775 1227 815 οῧν
1248 775 1454 826 προϊόντος
1478 778 1546 814 τοῦ

214 846 359 900 χρόνου
383 849 461 885 τῶν
487 843 612 884 αὐτῶν
638 860 674 884 τι
700 847 827 884 ποιεῖν
852 842 1003 885 τούτοις
1029 844 1209 899 ἐπιχειρῇ
1233 841 1335 893 (ἔστι
1361 844 1402 882 δὲ
1427 845 1547 882 ταῦτα
1569 861 1607 882 10

215 913 379 966 γραφαί,
410 911 568 964 φάσεις,
599 909 796 961 ἐνδείξεις,
825 908 1068 962 ἀπαγωγαί),
1098 909 1167 950 εἶτ’
1197 910 1260 949 ἐπὶ
1291 909 1441 949 τούτων
1470 910 1552 949 τινί

214 978 364 1031 (πολλὰ
380 979 454 1031 γάρ
476 981 564 1019 ἐστι
581 977 844 1030 τάνθρώπινα,
864 977 927 1017 καὶ
945 977 1036 1019 τοὺς
1054 975 1156 1018 πάνυ
1171 976 1322 1018 δεινοὺς
1342 975 1544 1022 ἑκάστοτε,

216 1049 311 1087 ὅταν
343 1046 632 1096 πλεονάζωσιν,
660 1044 872 1085 ἐπίστασθ’
904 1045 1014 1095 ὑμεῖς
1045 1045 1231 1095 κοσμίους
1263 1041 1406 1093 ποιεῖν)
1437 1045 1546 1099 ὄφλῃ

216 1118 268 1169 τῷ
303 1114 492 1168 δημοσίῳ,
528 1114 568 1153 τί
593 1115 750 1164 μᾶλλον
783 1111 897 1153 οὗτος
931 1110 1251 1163 ἐγγεγραμμένος
1283 1110 1396 1150 ἔσται
1427 1112 1544 1159 ἐμοῦ;

216 1183 278 1221 ὅτι
310 1180 356 1232 νὴ
384 1180 453 1221 Δί’
490 1181 665 1221 εἴσονται
696 1178 841 1220 πάντες
866 1178 1031 1230 πότερός
1067 1177 1152 1218 ποτ’
1181 1176 1330 1229 ὦφλεν.
1405 1181 1544 1218 καλῶς.
1569 1194 1606 1226 15

215 1248 263 1289 ἂν
289 1247 342 1294 δέ,
371 1247 390 1288 ὃ
415 1247 536 1302 τυχὸν
562 1245 706 1299 γένοιτ’
726 1245 786 1292 ἄν,
808 1246 952 1299 χρόνος
977 1244 1112 1300 διέλθῃ
1141 1243 1272 1295 καὶμὴ
1293 1246 1478 1300 ἐκτεισθῇ
1502 1243 1547 1283 τὸ

217 1317 394 1368 ὄφλημα,
435 1316 477 1355 τί
510 1318 667 1365 μᾶλλον
706 1315 742 1353 οἱ
785 1312 923 1352 τούτου
960 1314 1095 1353 παῖδες
1133 1312 1295 1352 ἔσονται
1328 1315 1405 1351 τῶν
1443 1312 1546 1362 ἐμῶν

219 1380 542 1435 ἐγγεγραμμένοι,
573 1383 666 1421 ὅταν
690 1380 864 1431 τοῦνομα
889 1380 951 1420 καὶ
982 1380 1002 1418 ὁ
1032 1378 1159 1430 πατὴρ
1192 1378 1254 1419 καὶ
1287 1378 1310 1429 ἡ
1345 1377 1452 1430 φυλὴ
1485 1377 1546 1418 καὶ

218 1449 332 1490 πάντ’
361 1449 385 1505 ᾗ
421 1448 560 1495 ταύτά;
607 1449 648 1488 τί
681 1447 726 1493 δ’,
759 1448 795 1487 εἴ
827 1464 885 1488 τις
921 1447 1031 1496 δίκην
1069 1444 1232 1496 ἐξούλης
1270 1445 1371 1499 αὐτῷ
1408 1445 1546 1498 λαχὼν

215 1519 337 1568 μηδὲν
374 1517 458 1567 ἐμοὶ
488 1516 586 1568 φαίη
617 1515 714 1568 πρὸς
741 1513 858 1554 αὑτὸν
889 1514 1002 1560 εῖναι,
1036 1514 1172 1565 κυρίαν
1205 1515 1247 1553 δὲ
1277 1511 1547 1563 ποιησάμενος
1569 1524 1608 1545 ²0

217 1583 432 1636 ἐγγράψαι,
451 1584 493 1624 τί
503 1586 660 1634 μᾶλλον
679 1581 727 1622 ἂν
744 1583 800 1631 ε’ίη
819 1585 958 1621 τοῦτον
973 1577 996 1631 ἢ
1018 1580 1368 1633 ἕμέ’γγεγραφώς;
1395 1580 1437 1620 τί
1449 1578 1494 1625 δ’,
1514 1580 1550 1619 εἴ

217 1668 325 1693 τινας
343 1652 535 1703 εἰσφορὰς
550 1650 602 1701 μὴ
621 1650 725 1700 θείη;
746 1648 838 1694 τίδ’,
851 1649 887 1689 εἴ
901 1665 959 1690 τις
976 1648 1079 1698 ἄλλη
1091 1647 1179 1699 περὶ
1195 1647 1365 1698 τοῦνομα
1382 1645 1546 1699 γίγνοιτ’

216 1715 239 1769 ἢ
265 1717 377 1769 λῆξις
402 1719 510 1768 δίκης
535 1714 557 1767 ἢ
584 1716 668 1767 δόξ’
691 1718 794 1757 ὅλως
831 1715 970 1766 ἀηδής;
1009 1716 1066 1756 τίς
1099 1716 1251 1755 εἵσεται
1278 1719 1356 1754 τῶν
1385 1717 1548 1754 πολλῶν

218 1785 383 1837 πότερός
418 1784 505 1826 ποθ’
531 1784 644 1826 οὗτός
674 1785 797 1829 ἐστιν,
826 1786 932 1823 δυοῖν
959 1781 1199 1822 Μαντιθέοιν
1232 1782 1373 1822 ταύτοῦ
1401 1780 1549 1833 πατρὸς

219 1854 368 1900 ὄντοιν;
408 1851 516 1904 φέρε,
554 1852 587 1892 εἷ
624 1853 665 1892 δὲ
704 1850 816 1901 δίκην
856 1850 1091 1902 ἀστρατείας
1129 1849 1284 1901 φεύγοι,
1320 1849 1478 1903 χορεύοι
1513 1847 1546 1888 δ’
1571 1858 1608 1889 ²5

219 1920 314 1960 ὅταν
357 1918 645 1971 στρατεύεσθαι
683 1917 770 1974 δέῃ;
834 1917 896 1958 καὶ
938 1918 1013 1970 γὰρ
1053 1921 1134 1964 νῦν,
1175 1916 1231 1956 ὅτ’
1271 1918 1325 1957 εἰς
1363 1915 1548 1967 Ταμύνας

263 2037 282 2064 4
307 2026 404 2064 ἡλίκα
419 2026 508 2064 vulg.
524 2025 604 2063 Pap.
620 2025 643 2055 S
658 2035 724 2063 mg.
743 2035 762 2054 a
775 2035 815 2055 m.
833 2029 899 2055 ant.
918 2036 924 2054 ε
949 2035 1013 2054 om.
1032 2022 1070 2054 Sl
1155 2025 1218 2063 7—8
1244 2023 1363 2055 ἐκείνου
1376 2023 1548 2060 βελτίοσιν

221 2069 311 2102 οὐδέν
329 2069 353 2099 S
370 2081 377 2099 ε
400 2069 490 2101 οὐδὲν
508 2069 628 2100 ἐκείνου
646 2071 816 2105 βελτίοσιν
834 2069 921 2106 vulg.
946 2067 1026 2106 Pap.
1183 2078 1218 2097 11
1247 2067 1359 2107 φάσεις
1372 2077 1438 2097 om.
1459 2066 1495 2104 S,
1513 2071 1547 2097 at

220 2114 260 2144 cs.
281 2113 412 2143 Andoc.
432 2113 441 2142 i
458 2113 500 2142 88
622 2122 660 2142 12
687 2114 759 2143 ἐστι
775 2113 976 2151 τάνθρώπινα
991 2111 1078 2150 vulg.
1095 2122 1101 2142 :
1129 2111 1367 2152 εστᾶνθρώπινα
1384 2110 1408 2141 S
1424 2121 1431 2140 :
1456 2112 1548 2142 ἐστιν

221 2158 395 2198 ἀνθρώπινα
411 2166 427 2186 r
536 2165 572 2194 13
598 2155 682 2197 ὄφλῃ
702 2155 726 2185 S
740 2166 776 2185 r:
804 2157 858 2186 ἐὰν
874 2155 958 2196 ὄφλῃ
976 2155 1065 2193 vulg.
1085 2154 1108 2184 S
1120 2167 1170 2195 γρ.
1285 2163 1322 2192 15
1347 2153 1463 2185 πάντες
1479 2163 1544 2185 om.

221 2200 271 2238 Sl,
291 2200 323 2230 in
342 2210 406 2238 mg.
426 2200 505 2230 add.
522 2200 596 2230 ead.
615 2209 668 2235 m,
691 2198 770 2238 Pap.
791 2199 893 2228 habet
1009 2200 1048 2227 16
1071 2199 1182 2238 τυχὼν
1200 2197 1224 2228 S
1316 2199 1464 2238 ἐκτεισθῇ
1484 2196 1545 2227 Sl:

222 2245 353 2285 ἐκτισθῇ
373 2243 396 2274 S
414 2253 497 2273 corr.
518 2243 605 2281 vulg.
630 2242 711 2281 Pap.
803 2241 859 2281 τὸ]
875 2255 921 2273 τω
939 2241 963 2272 S
1057 2251 1095 2279 17
1120 2243 1229 2273 παῖδες
1249 2240 1377 2272 ἔσονται
1395 2240 1419 2270 S
1439 2240 1519 2278 Pap.
1536 2252 1544 2269 .-

222 2287 351 2318 ἔσονται
369 2289 478 2319 παῖδες
494 2286 518 2316 F
531 2286 560 2324 Q
575 2286 604 2315 D
739 2296 782 2315 20
806 2285 903 2317 αὐτὸν
916 2284 939 2314 S
1063 2294 1101 2314 21
1130 2284 1283 2326 ἐνγράψαι
1302 2283 1339 2313 Sl
1354 2294 1360 2313 t
1385 2283 1532 2324 ἐγγράψει

221 2330 245 2360 S
263 2341 346 2361 corr.
362 2341 377 2360 Γ
392 2330 471 2369 Pap.
487 2341 492 2359 :
520 2329 739 2370 ἐγγεγράφθαι
756 2329 843 2367 vulg.
981 2338 1020 2365 24
1046 2329 1236 2359 Μαντιθέοιν
1254 2327 1278 2358 S
1291 2326 1320 2356 D
1333 2327 1415 2368 pr.
1431 2326 1537 2367 Qyp..

223 2384 284 2404 om.
302 2373 367 2411 FQ
387 2374 470 2413 Pap.
532 2383 573 2411 25
600 2372 676 2404 εἰδὲ
694 2372 783 2409 vulg.
805 2372 904 2413 571⁰*
923 2370 950 2403 δ’
964 2372 992 2402 εἶ
1009 2371 1032 2402 S
1051 2376 1085 2401 et
1103 2372 1159 2410 (ex
1179 2372 1232 2409 δὴ)
1252 2370 1333 2409 Pap.
1423 2371 1466 2400 26
1490 2369 1544 2411 δέῃ

224 2419 247 2450 S
261 2428 346 2448 corr.
363 2418 427 2457 (pr.
444 2417 503 2457 m.)
523 2417 615 2459 Pap:
641 2415 705 2447 δέοι
723 2415 761 2446 51
777 2416 801 2446 F
815 2415 845 2455 Q
862 2415 890 2446 D
965 2416 1027 2456 γὰρ
1043 2424 1109 2445 om.
1129 2415 1209 2453 Pap.
1225 2425 1231 2444 :
1255 2419 1333 2453 post
1350 2416 1405 2446 νῦν
1418 2414 1514 2453 ponit
1530 2422 1546 2443 r
