1685 2772
53 112 196 169 [1026]

149 647 196 680 60

151 1113 192 1149 61

397 121 867 175 [ΔΗΜΟΣΘΕΝΟΎΣ]
905 127 1049 164 ΠΡΟΣ
1086 126 1338 164 ΒΟΙΩΤΟΝ
1497 122 1562 178 [XL

228 236 392 288 πατέρα,
417 236 630 287 ἡλικιώτης
655 235 710 276 ὢν
735 240 804 276 τοῦ
829 237 913 277 νυνὶ
939 236 1158 289 φεύγοντος
1184 236 1256 286 τὴν
1281 236 1404 287 δίκην,
1435 237 1563 289 φησὶν

227 306 270 345 δὲ
292 303 421 345 πάντα
447 305 583 345 ἁπλῶς
610 303 754 344 εἰδέναι
779 304 803 344 ἃ
828 303 874 353 δὴ
900 303 1052 345 τούτοις
1079 302 1288 356 συμφέρει,
1309 308 1499 356 μαρτυρεῖ
1521 306 1562 345 δὲ

227 372 312 412 νυνὶ
347 371 466 422 μόνος
503 372 675 422 Κρίτωνι
711 375 906 422 παρεῖναι,
951 371 1016 411 ὅτε
1057 369 1148 422 παρ’
1189 372 1284 421 ἐμοῦ
1322 370 1393 421 τὴν
1435 372 1563 412 οἰκίαν

227 439 398 479 ἐωνεῖτο.
450 437 470 477 ὃ
504 438 562 479 τίς
591 436 639 478 ἂν
663 439 772 489 ὑμῶν
802 437 1074 484 πιστεύσειεν,·
1112 439 1247 480 ἄλλως
1275 454 1319 478 τε
1345 437 1407 478 καὶ
1431 439 1493 478 ὅτι
1517 438 1562 478 οὐ

227 506 315 557 περὶ
347 508 416 556 τῆς
450 506 584 551 οἰκίας,
619 506 768 557 πότερα
793 505 961 555 ἐώνηται
999 505 1152 555 Κρίτων
1181 503 1302 554 αὐτὴν
1330 501 1354 555 ἢ
1383 503 1450 556 μή,
1478 505 1562 546 νυνὶ

227 571 441 623 δικάζομαι,
470 573 576 612 ἀλλὰ
601 574 690 624 περὶ
715 573 888 624 προικός,
915 571 964 622 ἢν
989 571 1250 623 ἐνεγκαμένης
1269 574 1338 622 τῆς
1361 571 1507 624 μητρὸς
1527 575 1563 613 οἱ

227 640 340 690 νόμοι
370 639 600 680 κελεύουσιν
631 641 701 691 ἐμὲ
732 639 973 690 κομίζεσθαι.
1022 639 1127 679 ὥστε
1158 638 1333 691 καθάπερ
1362 640 1454 689 ὑμῖν
1485 640 1562 691 ἐγὼ

229 706 291 746 καὶ
317 707 359 746 ἐκ
386 707 593 759 μαρτύρων
619 710 783 747 πολλῶν
809 706 873 746 καὶ
906 708 949 746 ἐκ
985 706 1204 757 τεκμηρίων
1238 704 1430 756 ἐπέδειξα,
1471 707 1558 747 ἐπε-

229 773 473 826 νεγκαμένην
504 775 576 824 μὲν
603 773 673 824 τὴν
698 773 849 825 μητέρα
873 790 948 824 μου
972 772 1172 813 τάλαντον
1198 776 1352 825 προῖκα,
1380 773 1426 813 οὐ
1452 790 1558 824 κομι-

229 841 404 892 σάμενον
437 843 478 881 δὲ
508 840 608 880 τοῦτ’
636 842 705 891 ἐμὲ
737 842 779 881 ἐκ
810 842 879 891 τῆς
910 837 1091 895 πατρῴας
1117 840 1268 886 οὐσίας,
1302 838 1500 891 ἐξαίρετον
1529 839 1562 880 δ’

226 908 320 958 ἡμῖν
355 906 573 959 γενομένην
608 907 681 958 τὴν
717 908 846 948 οἰκίαν
883 908 939 949 εἷς
974 909 1109 952 ταῦτα,
1148 907 1249 947 οὕτω
1288 906 1468 947 κελεύετε
1500 908 1562 947 καὶ

227 978 367 1015 τοῦτον
402 975 666 1015 ἐπιδεικνύναι
702 975 806 1025 ὑμῖν,
839 970 862 1024 ἦ
896 973 947 1016 ὡς
972 973 1040 1014 οὐκ
1074 974 1203 1024 ἀληθῆ
1236 972 1357 1025 λέγω,
1390 969 1413 1023 ἢ
1440 973 1492 1015 ὡς
1517 973 1562 1013 οὐ

228 1040 419 1094 προσήκει
444 1058 511 1092 μοι
537 1043 782 1092 κομίσασθαι
802 1041 874 1091 τὴν
892 1044 1046 1093 προῖκα·
1086 1040 1174 1092 περὶ
1194 1039 1344 1081 τούτων
1363 1041 1437 1092 γὰρ
1454 1041 1562 1091 ὑμεῖς

228 1109 312 1150 νυνὶ
337 1108 407 1159 τὴν
430 1111 573 1161 ψῆφον
599 1110 744 1149 οἴσετε.
784 1109 854 1148 ἐὰν
879 1110 921 1149 δὲ
945 1107 997 1159 μὴ
1019 1108 1123 1161 ἔχων
1140 1108 1228 1159 περὶ
1252 1108 1307 1147 ὧν
1327 1107 1466 1159 φεύγει
1490 1106 1563 1157 τὴν

230 1176 338 1227 δίκην
374 1175 471 1227 μήτε
512 1175 709 1229 μάρτυρας
752 1173 970 1229 ἀξιόχρεως
1011 1173 1295 1229 παρασχέσθαι
1334 1173 1422 1225 μήτ’
1459 1174 1562 1215 ἄλλο

230 1243 374 1284 πιστὸν
399 1243 534 1294 μηδέν,
563 1242 719 1295 ἑτέρους
749 1242 1021 1299 παρεμβάλλῃ
1053 1243 1198 1294 λόγους
1226 1245 1463 1294 κακουργῶν,
1499 1242 1561 1282 καὶ

229 1312 309 1365 βοᾷ
331 1311 392 1350 καὶ
419 1309 636 1367 σχετλιάζῃ
668 1312 792 1362 μηδὲν
827 1309 922 1363 πρὸς
952 1309 997 1350 τὸ
1030 1312 1203 1362 πρᾶγμα,
1237 1308 1335 1361 πρὸς
1367 1308 1463 1350 Διὸς
1500 1308 1561 1349 καὶ

231 1381 330 1418 θεῶν
353 1377 405 1428 μὴ
437 1377 666 1430 ἐπιτρέπετε
691 1377 806 1432 αὐτῷ,
835 1378 942 1417 ἀλλὰ
970 1377 1160 1428 βοηθεῖτέ
1185 1393 1251 1427 μοι
1276 1377 1325 1416 τὰ
1349 1377 1490 1422 δίκαια,
1517 1376 1565 1426 ἐξ

230 1444 414 1485 ἁπάντων
439 1449 517 1486 τῶν
542 1444 757 1497 εἰρημένων
788 1445 1080 1495 ἐνθυμούμενοι,
1108 1445 1167 1483 ὅτι
1193 1442 1296 1483 πολὺ
1320 1443 1563 1494 δικαιότερόν

231 1514 317 1552 ἐστι
335 1512 406 1562 τὴν
426 1514 494 1562 τῆς
520 1513 616 1562 ε’μῆς
640 1511 785 1563 μητρὸς
813 1515 954 1563 προῖκα
979 1511 1024 1567 τῇ
1049 1512 1121 1567 ἐμῇ
1143 1509 1304 1562 θυγατρὶ
1325 1510 1379 1550 εἰς
1404 1510 1562 1550 ἔκδοσιν

229 1580 326 1629 ὑμᾶς
345 1579 624 1631 ψηφίσασθαι,
651 1575 675 1629 ἢ
703 1578 927 1631 Πλαγγόνα
947 1577 1010 1618 καὶ
1029 1577 1191 1619 τούτους
1206 1575 1303 1628 πρὸς
1322 1579 1403 1617 τοῖς
1423 1575 1563 1618 ἄλλοις

231 1646 293 1685 καὶ
308 1645 379 1695 τὴν
398 1647 525 1686 οἰκίαν
544 1646 616 1696 τὴν
636 1647 691 1687 εἰς
707 1645 779 1696 τὴν
797 1648 938 1697 προῖκα
955 1644 1153 1696 ἐξαίρετον
1173 1642 1393 1696 γενομένην
1413 1642 1559 1696 ἀφελέ-

230 1715 323 1753 σθαι
347 1712 448 1764 ἡμᾶς
472 1715 577 1764 παρὰ
602 1712 729 1753 πάντα
755 1714 803 1753 τὰ
828 1712 969 1753 δίκαια.

273 1835 291 1861 4
318 1836 429 1855 ωνειτο
448 1823 492 1854 S:
520 1826 640 1861 ἐωνῆτο
660 1823 689 1853 D
786 1822 954 1854 πιστεύσει
973 1822 996 1852 S
1130 1831 1149 1860 5
1175 1821 1291 1852 οἰκείας
1309 1818 1347 1850 S¹
1440 1821 1563 1861 Κρίτων

229 1867 330 1905 αὐτὴν
347 1866 376 1904 Q
391 1867 420 1896 D
435 1877 441 1896 ἰ
467 1867 623 1907 κρείττων
641 1868 743 1905 αὐτὴν
762 1867 787 1897 F
802 1878 808 1897 ἒ
834 1867 935 1904 αὐτὴν
953 1865 1075 1906 Κρίτων
1093 1865 1117 1896 S
1131 1865 1161 1894 A
1301 1866 1322 1894 6
1346 1864 1562 1904 ἐνεγκαμένης

231 1911 254 1941 S
271 1922 278 1941 :
303 1910 560 1950 ἐπενεγκαμένης
577 1911 664 1950 vulg.
810 1912 829 1941 8
853 1909 1019 1950 μαρτύρων
1037 1908 1072 1946 S,
1092 1909 1133 1939 cs.
1154 1908 1257 1938 xxviii
1276 1917 1328 1945 23,
1348 1907 1427 1946 Lys.
1446 1908 1490 1938 vii
1507 1917 1560 1947 37,

231 1953 333 1984 Isocr.
350 1954 407 1983 xxi
426 1966 446 1994 4
463 1966 470 1985 z
494 1958 674 1996 μαρτυριῶν
691 1955 780 1993 vulg.
988 1962 1027 1982 10
1050 1955 1148 1984 τοῦτο
1167 1951 1220 1990 ἐμὲ
1240 1951 1284 1982 S:
1309 1950 1409 1982 τοῦτό
1424 1964 1463 1991 με
1481 1956 1558 1982 cett.

233 2007 270 2027 12
296 1999 365 2036 ὑμῖν
381 1997 416 2034 ‘N
436 1998 455 2035 ἢ
474 1998 506 2027 ἰη
526 2008 590 2028 ras.
611 1997 632 2027 ii
652 1998 711 2028 litt.
731 1998 755 2028 S
872 1997 911 2026 16
934 1996 1160 2037 παρεμβάλλει
1179 1994 1247 2026 SA
1262 1995 1292 2026 D

274 2040 310 2071 ln
328 2041 349 2071 S
366 2041 593 2081 subscriptum

740 2088 846 2117 ΠΡΟΣ
871 2088 1052 2116 ΒΟῙΩΤΟΝ

740 2133 843 2160 ’ΥΠΕΡ
868 2131 1047 2160 ΠΡΟῙΚΟΣ

790 2173 997 2203 ΜΗΤΡΩῘΑΣ

810 2217 987 2249 ῙῆΙᾟΔΔ

1598 856 1635 877 10

1598 1187 1633 1222 ¹5

1597 1525 1635 1546 20
