1685 2772
61 121 168 176 [817]

59 237 167 292 [818]

123 511 162 548 15

121 1038 163 1074 16

123 1579 163 1613 17

51 2017 167 2074 [819]

632 118 1132 159 ΔΗΜΟΣΘΕΝΟὙΣ
1391 111 1529 167 [xxvn

201 235 351 284 προῖκα.
429 232 492 271 καὶ
517 234 673 282 πρῶτον
693 232 764 281 μὲν
784 230 931 270 τούτων
954 233 1159 281 Δημοφῶν
1179 229 1241 269 καὶ
1263 232 1528 282 Θηριππίδης,

200 301 237 340 οἰ
261 298 400 338 τούτου
427 297 723 350 συνεπίτροποι,
745 296 936 350 μάρτυρές
957 298 1072 337 εἰσιν·
1107 296 1164 336 ἔτι
1184 299 1226 338 δὲ
1251 297 1313 337 καὶ
1339 298 1390 340 ὡς
1413 298 1530 341 αὐτὸς

199 365 398 417 ὡμολόγει
430 364 535 404 ταῦτ’
569 365 691 417 ἔχειν,
727 363 971 417 Δημοχάρης
1000 363 1035 403 θ’
1071 364 1091 402 ὁ
1123 365 1376 411 Λευκονοεύς,
1406 366 1426 405 ὁ
1458 365 1531 416 τὴν

197 432 336 483 τηθίδα
351 431 423 482 τὴν
441 431 538 482 ἐμὴν
556 432 674 485 ἔχων,
697 431 758 472 καὶ
779 431 900 471 ἄλλοι
919 430 1067 471 πολλοὶ
1085 429 1274 482 μάρτυρες
1299 433 1528 484 γεγόνασιν.

197 499 242 539 οὐ
265 501 341 551 γὰρ
365 499 542 540 διδόντος
567 499 707 539 τούτου
736 502 850 538 σῖτον
875 503 923 555 τῇ
948 499 1076 550 μητρί,
1103 497 1175 547 τὴν
1201 497 1326 549 προῖκ’
1352 498 1529 553 ἔχοντος,
1551 520 1569 553 5

195 566 285 607 οὐδὲ
317 565 386 606 τὸν
417 566 523 606 οἶκον
555 569 725 616 μισθοῦν
763 564 988 610 ἐθέλοντος,
1022 565 1127 604 ἀλλὰ
1159 567 1257 615 μετὰ
1286 569 1364 606 τῶν
1394 565 1531 607 ἄλλων

196 632 419 685 ἐπιτρόπων
457 633 708 686 διαχειρίζειν
755 631 972 682 ἀξιοῦντος,
1011 629 1226 681 ἐποιήσατο
1261 633 1406 684 λόγους
1441 633 1531 686 περὶ

195 699 344 740 τούτων
361 700 381 738 ὁ
399 699 652 752 Δημοχάρης.
730 699 842 740 οὗτος
863 698 897 739 δ’
916 698 1089 740 ἀκούσας
1109 697 1189 737 οὔτ’
1209 698 1532 751 ἠμφεσβήτησεν

194 765 247 817 μὴ
273 766 380 819 ἔχειν
399 767 489 806 οὔτε
513 770 700 820 χαλεπῶς
728 757 895 817 ἤνεγκεν
923 765 973 806 ὡς
999 764 1067 805 οὐκ
1092 765 1280 816 εἰληφώς,
1309 766 1401 806 ἀλλ’
1426 766 1529 818 ὦμο-

195 833 308 884 λόγει
333 834 395 874 καὶ
421 834 476 874 ἔτι
500 832 639 885 μικρὸν
666 833 743 885 ἔφη
773 832 870 884 πρὸς
897 831 969 882 τὴν
989 830 1086 882 ἐμὴν
1104 830 1252 883 μητέρα
1275 833 1363 885 περὶ
1387 850 1528 887 χρυσι-
1549 852 1588 873 10

196 900 289 940 δίων
325 899 618 952 ἀντιλέγεσθαι·
667 899 770 940 τοῦτ’
810 899 879 940 οὖν
918 897 1299 950 διευκρινησάμενος,
1337 900 1401 941 καὶ
1441 901 1531 953 περὶ

195 969 265 1018 τῆς
289 969 440 1019 τροφῆς
466 968 527 1007 καὶ
554 967 642 1020 περὶ
671 970 750 1007 τῶν
779 966 916 1007 ἄλλων
945 964 1130 1016 ποιήσειν
1154 966 1277 1009 οὕτως
1299 966 1396 1007 ὥστ’
1421 968 1532 1022 ἔχειν

194 1050 262 1084 μοι
281 1033 408 1074 πάντα
429 1038 568 1076 καλῶς.
642 1034 767 1074 καίτοι
796 1035 829 1074 εἰ
857 1032 1086 1086 φανήσεται
1111 1032 1207 1086 πρός
1231 1051 1274 1074 τε
1297 1037 1366 1075 τὸν
1393 1039 1528 1086 Δημο-

195 1099 296 1154 χάρη
322 1101 429 1141 ταῦθ’
456 1101 723 1153 ὡμολογηκὼς
750 1101 813 1141 καὶ
845 1100 941 1152 πρὸς
970 1100 1062 1141 τοὺς
1090 1099 1236 1141 ἄλλους
1267 1101 1303 1142 οἳ
1328 1104 1527 1154 παρῆσαν,

194 1167 300 1219 παρά
324 1185 367 1208 τε
391 1172 460 1208 τοῦ
494 1172 772 1221 Δημοφῶντος
810 1168 872 1208 καὶ
904 1171 972 1207 τοῦ
1009 1168 1262 1219 Θηριππίδου
1285 1172 1362 1209 τῶν
1387 1169 1524 1221 ἀνδρα·
1553 1189 1590 1221 15

194 1234 325 1275 πόδων
355 1236 407 1276 εἰς
438 1235 507 1285 τὴν
540 1238 683 1287 προῖκα
711 1237 781 1278 τὰς
815 1236 928 1285 τιμὰς
959 1234 1148 1286 εἰληφώς,
1183 1234 1298 1276 αὐτός
1331 1234 1366 1275 θ’
1391 1235 1531 1277 ἑαυτὸν

195 1300 303 1354 ἔχειν
328 1301 399 1352 τὴν
424 1301 549 1353 προῖκ’
570 1300 812 1354 ἀπογράψας
836 1301 934 1352 πρὸς
958 1300 1049 1341 τοὺς
1070 1302 1389 1353 συνεπιτρόπους,
1413 1303 1530 1343 οἰκῶν

194 1384 236 1408 τε
260 1368 331 1419 τὴν
355 1369 480 1409 οἰκίαν
505 1368 637 1418 ἐπειδὴ
668 1367 828 1422 τάχιστ’
857 1368 1118 1418 ἐτελεύτησεν
1144 1368 1164 1406 ὁ
1189 1367 1327 1420 πατήρ,
1355 1372 1436 1412 πῶς
1459 1370 1530 1410 οὐκ

195 1436 237 1475 ἐκ
257 1434 414 1476 πάντων
433 1434 752 1487 ὁμολογουμένου
778 1438 848 1475 τοῦ
873 1434 1102 1487 πράγματος
1128 1434 1381 1486 εὑρεθήσεται
1407 1441 1528 1488 φανε-

192 1504 270 1553 ρῶς
305 1502 375 1552 τὴν
408 1505 562 1554 προῖκα,
603 1504 673 1544 τὰς
708 1501 951 1555 ὀγδοήκοντα
988 1505 1100 1553 μνᾶς,
1139 1501 1431 1553 κεκομισμένος,
1467 1503 1530 1543 καὶ
1548 1522 1590 1542 20

194 1569 285 1608 λίαν
310 1569 478 1610 ἀναιδῶς
501 1568 554 1620 μὴ
581 1573 728 1620 λαβεῖν
754 1568 1060 1621 ἐξαρνούμενος;
1099 1569 1205 1608 ἀλλὰ
1227 1567 1306 1619 μὴν
1325 1568 1376 1610 ὡς
1400 1570 1530 1620 ἀληθῆ

194 1634 313 1688 λέγω,
340 1638 445 1684 λαβὲ
471 1638 539 1678 τὰς
565 1637 778 1690 μαρτυρίας
803 1636 866 1676 καὶ
893 1636 1103 1689 ἀνάγνωθι.

751 1811 976 1839 ΜΑΡΊῪΡΙΑΙ.

261 1879 347 1930 Τὴν
371 1883 443 1931 μὲν
473 1883 605 1923 τοίνυν
643 1888 785 1935 προῖκα
816 1888 955 1925 τοῦτον
985 1884 1053 1925 τὸν
1083 1886 1227 1937 τρόπον
1258 1885 1343 1938 ἔχει
1372 1882 1527 1935 λαβών.

196 1945 248 1997 μὴ
277 1946 475 1999 γήμαντος
514 1949 547 1988 δ’
580 1951 697 1991 αὐτοῦ
730 1950 801 2001 τὴν
833 1951 981 2003 μητέρα
1005 1951 1076 2001 τὴν
1111 1950 1219 2002 ἐμήν,
1252 1953 1272 1991 ὁ
1303 1953 1376 2002 μὲν
1409 1951 1529 2002 νόμος
1549 1968 1588 2002 25

1039 2017 1058 2031 Ι,
1099 2018 1108 2032 5

199 2014 349 2054 κελεύει
385 2014 457 2065 τὴν
497 2016 622 2068 προῖκ’
656 2018 838 2069 ὀφείλειν
869 2017 929 2057 ἐπ’
960 2019 1045 2058 ἐννε
1088 2022 1265 2068 οβολοῖς,
1297 2019 1374 2069 ἐγὼ
1403 2016 1436 2058 δ’
1464 2017 1529 2058 ἐπὶ

199 2082 354 2137 δραχμῇ
384 2082 505 2131 μόνον
542 2083 685 2133 τίθημι.
758 2084 935 2135 γίγνεται
965 2083 1012 2130 δ’,
1044 2083 1112 2124 ἐάν
1140 2100 1198 2125 τις
1229 2086 1392 2140 συντιθῇ
1419 2084 1467 2123 τό
1492 2082 1527 2123 τ’

246 2199 257 2220 ῐ
286 2194 448 2232 Δημοφῶν
462 2192 493 2221 in
509 2201 571 2222 ras.
588 2191 612 2222 S
673 2201 693 2230 3
715 2192 919 2225 Λευκονοιεύς
935 2192 1115 2232 Harpocr.‚
1131 2192 1171 2222 ef.
1187 2192 1426 2222 Meisterhans⁸
1437 2202 1467 2231 p.
1484 2201 1525 2232 57

198 2242 218 2272 5
242 2232 276 2265 δὲ
293 2239 365 2273 post
381 2235 442 2271 τὴν
459 2235 532 2265 add.
551 2234 640 2273 vulg.
656 2246 662 2266 ε
688 2245 754 2266 om.
774 2235 798 2265 S
887 2235 907 2264 8
931 2236 1166 2275 ἠμφισβήτησε
1184 2234 1252 2265 AF
1339 2246 1360 2275 9
1384 2238 1478 2275 σχεῖν
1494 2235 1526 2265 Α

201 2286 241 2307 10
264 2278 315 2309 καὶ
333 2277 381 2308 ἔτι
401 2278 424 2307 S
436 2277 466 2307 A
481 2290 488 2307 :
513 2278 566 2309 καί
583 2291 614 2309 τι
631 2278 720 2316 vulg.
858 2279 1050 2319 χρυσειδίων
1066 2278 1104 2309 Sl
1310 2288 1347 2308 12
1371 2280 1439 2320 περὶ
1457 2288 1523 2310 om,

198 2318 242 2350 A¹
332 2320 466 2351 οὑτῶστ’
489 2321 566 2358 (5ἰεῖ
587 2320 611 2350 S
625 2322 685 2351 sed
703 2335 743 2354 ως
764 2322 963 2360 compendio
980 2323 1056 2352 add.
1076 2331 1155 2352 sscr.
1273 2331 1309 2360 13
1327 2321 1526 2363 Δημοχάρην

197 2363 266 2394 AF
398 2374 439 2402 23
466 2369 665 2396 ΜΑΡΊὝΡΙΑ
684 2364 707 2394 S
726 2366 795 2403 (me
811 2366 913 2404 teste)
1048 2377 1087 2404 24
1113 2365 1183 2405 ἔχει
1200 2365 1310 2403 vulg:
1336 2365 1404 2403 εἶχε
1425 2364 1449 2394 S
