1685 2772
57 559 75 590 fl!

38 896 76 917 10

35 1564 75 1585 20

97 117 216 172 xxnc]
522 122 681 160 ΠΡΟΣ
730 121 989 160 ΑΦΟΒΟΝ

650 261 870 291 ΜΑΡΊῪΡΕΣ.

157 341 212 383 Ὃ
242 344 387 388 τοίνυν,
427 340 456 382 ὦ
493 342 629 395 ἄνδρες
666 342 861 389 δικασταί,
899 348 1062 383 πάντων
1099 344 1176 381 τῶν
1213 339 1429 393 εἰρημένων

96 410 204 461 οἶμαι
231 409 420 462 μέγιστον
450 410 542 460 ὑμῖν
575 410 679 460 ἐρεῖν
709 412 875 460 σημεῖον
904 412 974 448 τοῦ
1001 407 1108 448 ταῦτ’
1138 408 1428 460 ἀποκρίνασθαι

95 480 246 522 τοῦτον,
273 477 473 528 βούλομαι
500 478 684 516 διελθεῖν.
748 475 882 525 ἐπειδὴ
920 477 996 527 γὰρ
1027 472 1154 531 ἐξῄτει
1181 492 1230 525 με
1259 477 1328 514 τὸν
1357 474 1425 515 ἄν·

97 545 253 596 θρωπον
283 543 393 583 ταῦθ’
420 543 685 595 ὡμολογηκὼς
710 542 734 582 ἂ
758 542 1061 594 μεμαρτύρηται,
1088 542 1337 592 βουλόμενος
1363 541 1425 580 καὶ

94 610 176 650 τότ’
212 609 329 650 αὐτὸν
365 608 573 662 ἐξελέγξαι
610 608 852 663 τεχνάζοντα
881 609 923 649 τί
953 612 1072 655 ποιῶ,·
1123 610 1425 660 προσκαλοῦμαι

97 679 193 717 κατὰ
220 675 414 727 Δήμωνος
439 678 495 718 εἷς
517 677 746 728 μαρτυρίαν,
765 678 879 717 ὄντος
897 674 999 729 αὐτῷ
1018 676 1124 715 θείου
1151 675 1214 714 καὶ
1240 677 1426 715 κοινωνοῦ

95 748 172 784 τῶν
189 743 450 794 ἀδικημάτων,
482 744 545 783 καὶ
579 742 819 795 συγγράψας
847 741 954 782 ταῦτ’
986 741 1171 782 ἐκέλευον
1202 744 1423 793 μαρτυρεῖν,

95 811 120 851 δ.
143 814 212 852 νῦν
232 811 362 851 διώκει
387 814 465 850 τῶν
480 811 844 862 ψευδομαρτυρίων.
904 809 1017 851 οὗτος
1043 811 1084 849 δὲ
1109 808 1154 848 τὸ
1172 810 1246 859 μὲν
1270 812 1425 860 πρῶτον

95 878 420 930 ἀπηναισχύντει,
455 880 523 916 τοῦ
561 879 604 918 δὲ
649 879 850 926 διαιτητοῦ
890 876 1120 916 κελεύοντος
1156 878 1364 927 μαρτυρεῖν
1401 871 1424 924 ἢ

95 943 299 995 ἐξομνύειν
325 945 593 995 ἐμαρτύρησεν
618 943 720 983 πάνυ
742 945 870 996 μόγις.
943 944 1070 983 καίτοι
1094 944 1132 982 εἴ
1153 941 1188 994 γ’
1214 941 1261 992 ἦν
1287 944 1426 983 δοῦλος

95 1011 301 1064 ἅνθρωπος
327 1012 388 1051 καὶ
412 1011 463 1062 μὴ
490 1012 799 1063 προωμολόγητο
825 1009 922 1062 πρὸς
944 1009 1048 1050 τοῦδ’
1079 1010 1284 1061 ἐλεύθερος
1309 1009 1422 1054 εἶναι,

94 1080 136 1119 τί
167 1079 303 1130 μαθὼν
333 1078 614 1130 ἐμαρτύρησεν,
647 1077 738 1118 ἀλλ’
777 1078 846 1118 οὐκ
877 1076 1074 1128 ἐξομόσας
1106 1075 1319 1128 ἀπηλλάγη
1355 1078 1424 1115 τοῦ

96 1145 343 1198 πράγματος,·
383 1147 489 1186 ἀλλὰ
512 1145 590 1196 μὴν
617 1145 678 1185 καὶ
711 1145 798 1197 περὶ
828 1146 975 1184 τούτων
1004 1143 1149 1194 ἤθελον
1183 1145 1422 1195 παραδοῦναι

95 1216 163 1253 τὸν
188 1216 308 1253 παῖδα
332 1213 401 1253 τὸν
425 1212 633 1265 γράφοντα
665 1212 736 1262 τὴν
767 1213 994 1264 μαρτυρίαν,
1022 1210 1064 1252 ὃς
1092 1210 1140 1251 τά
1165 1228 1207 1250 τε
1227 1209 1421 1262 γράμματ’

96 1280 265 1331 ἔμελλεν
290 1281 520 1332 γνώσεσθαι
545 1281 593 1319 τὰ
614 1282 752 1319 ἑαυτοῦ
778 1279 839 1318 καὶ
863 1282 1002 1318 τοῦτον
1025 1279 1287 1329 ἐμνημόνευεν
1313 1278 1419 1329 ἀκρι-

94 1351 179 1398 βῶς
203 1346 508 1399 μαρτυρήσαντα
533 1350 665 1386 ταῦτα.
726 1346 788 1386 καὶ
813 1345 920 1386 ταῦτ’
936 1345 1081 1396 ἤθελον
1107 1344 1194 1397 οὐχὶ
1218 1344 1423 1396 μαρτύρων

95 1415 254 1467 ἀπορῶν
280 1414 316 1454 οἳ
336 1416 519 1465 παρῆσαν
543 1412 661 1464 (ἦσαν
681 1411 781 1465 γάρ),
804 1412 896 1452 ἀλλ’
916 1413 980 1453 ἵνα
1003 1411 1055 1463 μὴ
1082 1412 1240 1453 τούτους
1266 1412 1422 1465 αἰτιῷτο

94 1483 143 1520 τὰ
167 1483 294 1534 ψευδῆ
319 1484 540 1533 μαρτυρεῖν,
561 1481 666 1519 ἀλλὰ
683 1479 727 1519 τὸ
747 1479 891 1520 πιστὸν
912 1480 953 1519 ἐκ
973 1481 1040 1529 τῆς
1065 1478 1248 1529 βασάνου
1271 1478 1423 1519 τούτοις

94 1547 279 1601 ὑπάρχοι.
341 1548 466 1587 καίτοι
493 1551 574 1588 πῶς
599 1546 708 1597 ἄξιόν
734 1548 820 1586 ἐστι
846 1549 1092 1598 καταγνῶναι
1117 1549 1194 1585 τῶν
1218 1545 1422 1597 μαρτύρων

95 1616 157 1655 διὰ
176 1617 304 1660 τοῦτο,
327 1615 363 1654 οἳ
386 1615 500 1665 μόνοι
525 1617 602 1654 τῶν
628 1613 777 1653 πώποτ’
810 1612 1095 1665 ἠγωνισμένων
1129 1613 1238 1662 δίκην
1265 1612 1307 1651 ἐν
1331 1612 1422 1661 ὑμῖν

93 1681 163 1722 τὸν
196 1681 371 1722 διώκοντ’
410 1681 527 1721 αὐτὸν
564 1682 694 1722 αὐτοῖς
729 1680 905 1733 μάρτυρα
933 1679 1081 1719 τούτων
1113 1678 1423 1719 ἐπιδεικνύουσιν

94 1748 380 1801 γεγενημένον;
419 1749 524 1787 ἀλλὰ
560 1748 638 1798 μὴν
677 1748 727 1788 ὡς
764 1747 891 1797 ἀληθῆ
928 1746 1046 1798 λέγω,
1079 1748 1184 1796 λαβὲ
1217 1745 1288 1796 τὴν
1328 1745 1419 1796 πρό-

95 1820 240 1866 κλησιν
267 1816 328 1855 καὶ
354 1815 425 1865 τὴν
449 1816 676 1868 μαρτυρίαν.

507 1943 750 1972 ΠΡΟΚΛΗΣΙΣ.
801 1943 1011 1969 ΜΑΡΤΎΡΙΑ.

160 2024 388 2072 Τηλικαῦτα
413 2022 543 2061 τοίνυν
577 2022 705 2060 δίκαια
739 2021 878 2072 φυγὼν
909 2020 1032 2065 οὗτος,
1062 2019 1123 2059 καὶ
1156 2021 1198 2058 ἐκ
1222 2018 1424 2059 τοσούτων

95 2089 313 2140 τεκμηρίων
345 2088 659 2138 ἐπιδεικνύμενος
696 2089 756 2127 ὅτι
791 2089 1046 2138 συκοφαντεῖ,
1083 2089 1165 2127 τοῖς
1199 2087 1272 2136 μὲν
1307 2086 1425 2125 αὑτοῦ

139 2207 158 2234 4
184 2200 356 2237 διεξελθεῖν
371 2196 403 2226 Α
518 2197 539 2226 6
561 2195 632 2227 τότ’
651 2196 711 2226 S¹:
735 2196 825 2227 τοῦτ’
842 2196 944 2234 vulg,
963 2195 1006 2227 cf.
1028 2198 1096 2234 §25
1207 2198 1426 2236 προκαλοῦμαι

98 2239 193 2270 Pauli
210 2240 351 2270 Manutii
369 2240 472 2270 editio
555 2249 590 2268 11
617 2239 710 2278 μόλις
726 2239 758 2268 A
844 2249 882 2269 12
906 2242 922 2270 ὁ
940 2240 1005 2270 ἄνθ.
1028 2239 1051 2269 S
1066 2251 1073 2271 ι
1098 2240 1164 2270 ἄνθ.
1181 2238 1254 2269 AF
1329 2252 1425 2280 προσ-

97 2283 292 2325 ωμολόγητο
309 2283 333 2314 S
344 2283 376 2313 A
498 2292 537 2321 13
560 2284 667 2314 παθὼν
685 2282 711 2312 F
727 2292 811 2312 corr.
928 2288 1104 2323 απαλλαγη
1117 2281 1141 2311 S
1261 2292 1300 2312 21
1327 2284 1425 2313 τοῦτο

97 2327 214 2359 codd.:
239 2330 358 2358 τοῦτον
375 2326 507 2356 Dobree
525 2326 601 2356 coll.
620 2328 690 2364 §53
780 2336 821 2355 22
847 2327 944 2358 αὐτὸν
960 2335 1025 2356 om.
1045 2325 1069 2355 S
1088 2327 1157 2364 (me
1174 2326 1275 2366 teste)
1360 2339 1425 2356 επι-

98 2374 239 2402 δεικνυσι
259 2370 282 2401 S
416 2380 457 2409 23
481 2369 686 2409 πρόσκλησιν
701 2368 733 2398 Α
866 2379 907 2407 25
932 2373 1191 2401 ΠΡΟΣΚΛΗΣΙΣ
1207 2369 1238 2399 Α

1459 121 1575 177 [850]

1462 359 1506 395 19

1453 620 1502 647 20

1453 1155 1493 1180 21

1454 2036 1497 2061 22
