1685 2772
23 102 136 159 [910]

34 614 139 669 [911]

105 1112 144 1146 13

109 1522 148 1554 14

110 1913 148 1949 15

568 108 1101 163 [ΔΗΜΟΣΘΕΝΟΎΣ]
1354 109 1502 164 [xxxw

170 225 274 276 ἐμοῦ,
297 223 430 273 ἐπειδὴ
447 222 623 276 τάχιστα
643 222 912 264 κατέπλευσεν
938 224 979 263 ἐκ
999 225 1068 273 τῆς
1087 225 1276 276 ναυαγίας
1295 223 1502 275 Ἀθήναζε,

171 293 233 332 καὶ
263 292 488 343 ἐρωτῶντος
522 292 621 343 ὑπὲρ
652 290 815 337 τούτων,
851 290 991 343 ἔλεγεν
1028 291 1087 331 ὅτι
1117 291 1206 331 οὔτε
1238 293 1286 332 τὰ
1321 291 1506 345 χρήματα

170 358 325 399 ἔνθοιτο
359 359 413 400 εἷς
441 357 513 408 τὴν
545 362 640 398 ναῦν
674 357 788 399 οὗτος
818 359 916 397 κατὰ
952 357 1024 408 τὴν
1061 358 1313 411 συγγραφήν,
1344 360 1434 400 οὔτε
1461 358 1506 399 τὸ

172 425 339 479 χρυσίον
367 425 544 477 εἰληφὼς
571 426 628 475 εἵη
654 424 745 477 παρ’
771 424 888 466 αὐτοῦ
914 426 958 465 ἐν
984 426 1180 480 Βοσπόρῳ
1199 427 1302 467 τότε.
1351 428 1420 468 καί
1439 443 1506 478 μοι

174 492 375 545 ἀνάγνωθι
397 491 469 542 τὴν
493 493 709 545 μαρτυρίαν
733 496 812 532 τῶν
837 491 1181 544 παραγενομένων.

734 623 946 650 ΜΑΡΤΎῬΙΑ.

240 702 403 752 Ἐπειδὴ
440 702 584 748 τοίνυν,
620 699 649 740 ὦ
686 701 823 754 ἄνδρες
858 702 1076 752 Ἀθηναῖοι,
1112 701 1365 753 ἐπεδήμησεν
1401 707 1504 756 Φορ-

173 770 273 820 μίων
310 770 447 809 οὑτοσὶ
478 767 737 822 σεσῳσμένος
772 768 837 820 ἐφ’
871 768 1006 820 ἑτέρας
1041 769 1151 816 νεώς,
1182 768 1376 825 προσῄειν
1409 770 1510 826 αὐτῷ

176 837 352 876 ἀπαιτῶν
371 835 415 875 τὸ
440 834 610 875 δάνειον.
683 836 746 875 καὶ
764 835 877 877 οὗτος
902 837 1000 875 κατὰ
1014 837 1088 886 μὲν
1104 836 1230 889 ἀρχὰς
1247 836 1505 883 οὐδεπώποτ’,

176 901 204 943 ὦ
231 902 368 955 ἄνδρες
396 901 615 952 Ἀθηναῖοι,
649 902 735 942 εἶπε
764 901 833 942 τὸν
865 903 988 954 λόγον
1022 905 1159 943 τοῦτον
1192 902 1237 943 ὃν
1266 903 1351 944 νυνὶ
1380 903 1505 956 λέγει,

176 969 268 1010 ἀλλ’
295 970 355 1009 ἀεὶ
381 969 579 1021 ὡμολόγει
605 969 842 1010 ἀποδώσειν·
881 968 1017 1019 ἐπειδὴ
1044 971 1086 1009 δὲ
1106 970 1400 1011 ἀνεκοινώσατο
1425 975 1508 1013 τοῖς

176 1040 246 1077 νῦν
271 1040 465 1089 παροῦσιν
490 1036 593 1091 αὐτῷ
622 1037 684 1077 καὶ
711 1039 981 1083 συνδικοῦσιν,
1011 1036 1142 1089 ἕτερος
1174 1036 1245 1088 ἤδη
1274 1037 1321 1088 ἧν
1347 1038 1408 1078 καὶ
1435 1038 1509 1092 οὐχ

178 1104 197 1143 6
223 1103 350 1145 αὐτός.
406 1103 456 1145 ὡς
481 1102 513 1143 δ’
536 1103 722 1159 ᾐσθόμην
760 1104 878 1144 αὐτὸν
914 1104 1218 1156 διακρουόμενόν
1245 1122 1306 1156 με,
1335 1104 1505 1157 προσέρ-

176 1188 301 1225 χομαι
337 1171 390 1225 τῳ’“
439 1169 627 1222 Λάμπιδι,
668 1170 799 1223 λέγων
837 1172 898 1211 ὅτι
935 1171 1049 1211 οὐδὲν
1088 1175 1193 1212 ποιεῖ
1233 1176 1313 1213 τῶν
1350 1173 1510 1213 δικαίων

178 1239 366 1290 Φορμίων
390 1237 468 1278 οὐδ’
496 1239 716 1278 ἀποδίδωσι
740 1238 785 1278 τὸ
821 1237 988 1284 δάνειον,
1018 1238 1082 1278 καὶ
1111 1238 1190 1290 ἅμα
1216 1239 1365 1291 ἠρόμην
1391 1239 1510 1280 αὐτὸν

179 1307 212 1346 εἷ
260 1306 377 1355 εἰδείη
416 1306 514 1345 ὅπου
557 1306 681 1351 ἐστίν,
721 1306 786 1345 ἵνα
827 1307 1184 1357 προσκαλεσαίμην
1223 1306 1355 1347 αὐτόν.
1415 1308 1435 1346 ὁ
1477 1306 1510 1346 δ’

179 1373 411 1412 ἀκολουθεῖν
435 1372 473 1423 μ’
496 1371 675 1412 ἐκέλευεν
695 1373 826 1427 ἑαυτῷ,
850 1373 912 1412 καὶ
929 1373 1290 1424 καταλαμβάνομεν
1307 1373 1403 1426 πρὸς
1428 1377 1511 1416 τοῖς

179 1440 445 1491 μυροπωλίοις
470 1439 639 1480 τουτονί·
679 1440 785 1492 κάγὼ
804 1442 999 1492 κλητῆρας
1024 1440 1129 1492 ἔχων
1147 1440 1510 1492 προσεκαλεσάμην

181 1507 312 1547 αὐτόν.
373 1506 436 1546 καὶ
469 1507 489 1545 6
522 1505 692 1557 Λάμπις,
721 1505 750 1546 ὦ
788 1506 926 1558 ἄνδρες
959 1506 1178 1557 Ἀθηναῖοι,
1213 1508 1348 1559 παρὼν
1386 1525 1510 1560 προσ-

181 1572 409 1628 καλουμένῳ
434 1589 500 1623 μοι
525 1573 696 1624 οὐδαμοῦ
717 1574 940 1624 ἐτόλμησεν
961 1575 1085 1614 εἰπεῖν
1105 1574 1156 1615 ὡς
1183 1574 1383 1627 ἀπείληφε
1408 1576 1512 1626 παρὰ

180 1641 320 1681 τούτου
343 1643 387 1679 τό
414 1641 593 1694 χρυσίον,
615 1640 695 1680 οὐδ’
721 1640 741 1680 ὃ
768 1640 869 1681 εἰκὸς
895 1640 942 1690 ἧν
968 1639 1054 1681 εἶπε
1081 1644 1091 1658 ‘
1111 1641 1339 1693 Χρύσιππε,
1366 1643 1510 1693 μαίνει·

178 1709 220 1748 τί
256 1710 394 1748 τοῦτον
433 1711 671 1759 προσκαλεῖ;
724 1708 810 1758 ἐμοὶ
848 1709 922 1760 γὰρ
960 1708 1184 1748 ἀποδέδωκε
1220 1707 1265 1748 τὸ
1302 1710 1470 1761 χρυσίον
1488 1707 1510 1748 ’.

181 1775 289 1815 ἀλλὰ
313 1774 366 1825 μὴ
386 1775 446 1813 ὅτι
465 1773 623 1825 Λάμπις
644 1774 881 1827 ἐφθέγξατο,
904 1774 995 1815 ἀλλ’
1018 1775 1105 1815 οὐδὲ
1132 1775 1248 1817 αὐτὸς
1268 1775 1380 1817 οὗτος
1400 1776 1513 1816 οὐδὲν

180 1840 354 1891 ἠξίωσεν
388 1842 525 1887 εἰπεῖν,
553 1842 848 1892 παρεστηκότος
884 1845 953 1882 τοῦ
982 1842 1201 1893 Λάμπιδος,
1229 1840 1262 1897 ᾦ
1293 1846 1361 1883 νῦν
1386 1842 1513 1895 φησὶν

182 1907 472 1948 ἀποδεδωκέναι
498 1908 542 1947 τὸ
565 1910 748 1961 χρυσίον.
808 1910 933 1949 καίτοι
959 1910 1062 1951 εἰκός
1095 1909 1132 1961 γ’
1158 1908 1206 1959 ἦν
1230 1909 1348 1950 αὐτὸν
1373 1910 1510 1955 εἰπεῖν,

182 1973 212 2014 ὦ
236 1974 374 2026 ἄνδρες
398 1974 614 2025 Ἀθηναῖοι,
639 1978 649 1993 ‘
665 1977 705 2016 τί
721 1993 768 2026 με
788 1980 1022 2028 προσκαλεῖ,
1041 1976 1243 2029 ἄνθρωπε,·
1283 1976 1514 2017 ἀποδέδωκα

226 2094 245 2114 2
270 2084 309 2114 τὰ
339 2094 402 2113 orn.
433 2083 462 2113 A
638 2094 656 2122 4
682 2086 778 2116 αὐτοῦ
805 2084 894 2115 SA:
920 2085 1039 2116 τούτου
1062 2084 1151 2123 vulg.
1288 2085 1365 2117 τότε
1390 2096 1454 2116 om.
1483 2085 1513 2116 A

183 2136 202 2165 5
227 2126 536 2168 παραγεγενημένων
554 2125 585 2157 Α
758 2138 774 2166 7
799 2128 939 2169 Φορμίων
960 2128 1047 2160 SA:
1075 2131 1090 2160 6
1106 2135 1140 2160 Φ.
1163 2127 1252 2167 vulg.
1395 2140 1416 2168 9
1441 2129 1513 2161 κατ’

183 2171 285 2212 ἀρχὰς
301 2173 361 2209 μὲν
377 2171 407 2200 Α
597 2181 630 2200 11
660 2173 768 2210 ἐπειδὴ
787 2173 812 2203 δ’
829 2172 917 2211 vulg.
939 2184 944 2202 :
971 2173 1037 2204 ἐπεὶ
1055 2173 1082 2204 δ’
1102 2173 1125 2203 S
1144 2183 1151 2202 :
1177 2173 1242 2204 ἐπεὶ
1261 2170 1287 2204 δ’
1307 2174 1345 2204 ἂν
1361 2172 1387 2204 δ’
1406 2171 1437 2202 Α
1457 2174 1512 2212 qui

184 2216 378 2246 ἐκοινώσατο
397 2214 497 2244 habet
617 2225 653 2253 14
679 2215 771 2247 οὐδέν
788 2230 841 2254 μοι
858 2219 944 2247 ποιεῖ
959 2215 991 2246 Α
1093 2217 1130 2245 18
1154 2217 1284 2248 τουτονί
1300 2215 1324 2246 S
1337 2215 1367 2246 A
1385 2227 1392 2245 :
1417 2216 1514 2248 αὐτόν

182 2258 270 2296 vulg.
391 2268 429 2287 21
458 2259 524 2289 εἶπε
545 2259 568 2289 S
585 2259 672 2298 vulg.
692 2271 698 2289 :
723 2260 821 2291 εἰπεῖν
838 2259 868 2289 Α
956 2260 1060 2299 μαίνει
1078 2271 1121 2291 ex
1139 2260 1227 2299 μένει
1248 2260 1271 2291 S
1290 2271 1297 2290 :
1319 2260 1415 2301 μαίνῃ
1433 2265 1510 2290 cett.

183 2311 225 2330 22
249 2304 430 2342 προσκαλεῖ
444 2301 467 2331 S
483 2307 514 2332 et
534 2302 596 2344 (νῇ)
617 2303 667 2333 Α;
695 2306 888 2344 προσκαλεΐς
902 2303 990 2342 vulg.
1064 2305 1206 2335 ἀπέδωκε
1224 2303 1254 2333 Α
1324 2313 1365 2341 23
1390 2303 1514 2342 Λάμπις

184 2344 208 2374 S
221 2343 271 2374 A:
299 2347 314 2376 ὁ
331 2351 364 2377 Λ.
383 2345 471 2383 vulg.
564 2346 742 2387 ἐφθέγξατο
762 2346 828 2377 SA
843 2358 848 2375 :
874 2349 930 2379 οὐκ
949 2349 1018 2387 ἐφθ.
1036 2348 1124 2386 vulg.
1219 2347 1311 2379 οὐδὲν
1328 2351 1403 2386 post
1421 2346 1512 2380 οὗτος

184 2398 247 2418 om.
270 2387 293 2419 S
307 2387 336 2417 A
423 2398 463 2427 25
488 2391 589 2421 εἰπεῖν
606 2390 702 2421 αὐτόν
718 2390 749 2419 Α
764 2390 793 2419 D
877 2392 917 2420 26
942 2392 1082 2428 ἄνθρωπε
1104 2391 1127 2421 S
1143 2390 1173 2421 Α
1189 2402 1195 2420 :
1220 2391 1242 2422 ὦ
1262 2392 1404 2430 ἄνθρωπε
1420 2390 1509 2429 vulg.

1527 510 1544 541 5

1530 927 1569 949 10

1533 1262 1569 1294 15

1534 1594 1572 1615 20

1535 1926 1571 1958 25
