1685 2772
80 129 192 184 [833]

82 1316 200 1373 [834]

649 132 1146 172 ΔΗΜΟΣΘΕΝΟὙΣ
1419 127 1553 181 [xxvn

225 246 320 285 σθαι
356 243 596 297 φάσκοντες.
658 244 720 285 καὶ
755 243 835 284 οὐδ’
869 243 1126 296 αἰσχύνονται
1162 246 1282 283 ταῦτα
1319 245 1554 294 τολμῶντες.

226 313 351 352 καίτοι
383 312 424 352 τί
453 310 539 352 ποτ’
563 310 611 351 ἂν
636 310 783 351 ἔπαθον
807 310 871 351 ὑπ’
897 310 1036 358 αὐτῶν,
1064 312 1097 351 εἰ
1129 311 1253 351 πλείω
1286 310 1432 365 χρόνον
1465 310 1554 351 ἐπε-

225 378 468 431 τροπεύθην,·
519 377 586 418 οὐκ
628 377 676 418 ἂν
718 377 850 430 ἔχοιεν
890 378 1026 418 εἰπεῖν.
1086 378 1184 419 ὅπου
1221 379 1296 430 γὰρ
1339 376 1418 418 δέκ’
1458 378 1558 417 ε’τῶν

226 444 517 498 διαγενομένων
547 445 650 496 παρὰ
679 446 751 495 μὲν
779 447 857 485 τῶν
889 445 987 484 οὕτω
1016 446 1134 496 μικρὰ
1163 445 1412 495 κεκόμισμαι,
1438 447 1491 498 τῷ
1516 445 1559 484 δὲ

228 513 290 553 καὶ
310 512 405 564 πρὸς
430 513 607 564 ὀφείλων
627 511 910 563 ἐγγέγραμμαι,
933 515 1015 553 πῶς
1040 511 1108 551 οὐκ
1133 511 1243 562 ἄξιον
1263 514 1556 563 διαγανακτεῖν,·
1578 521 1595 553 5

227 582 349 630 δῆλον
374 581 415 620 δὲ
441 578 708 619 παντάπασιν·
748 579 781 618 εἰ
808 578 1074 630 κατελείφθην
1093 581 1166 629 μὲν
1186 579 1396 625 ἐνιαύσιος,
1424 576 1470 628 ἓξ
1491 578 1558 627 ἔτη

227 649 268 687 δὲ
301 645 397 698 πρὸς
431 645 719 696 ἐπετροπεύθην
749 644 813 685 ὑπ’
848 645 987 691 αὐτῶν,
1024 644 1103 686 οὐδ’
1136 644 1183 685 ἂν
1214 647 1262 685 τὰ
1288 645 1407 697 μικρὰ
1438 648 1561 685 ταῦτα

227 713 316 765 παρ’
342 713 469 753 αὐτῶν
495 712 717 763 ἀπέλαβον.
778 713 811 752 εἰ
836 713 912 765 γὰρ
934 711 1049 752 ἐκεῖν’
1069 711 1271 762 ἀνήλωται
1289 713 1425 764 ὀρθῶς,
1447 711 1561 751 οὐδὲν

227 780 276 821 ἂν
302 784 382 820 τῶύ
406 784 472 821 νῦν
498 778 801 831 παραδοθέντων
827 778 1040 831 ἐξήρκεσεν
1065 780 1120 821 εἰς
1153 779 1267 819 ἕκτον
1291 778 1390 825 ἔτος,
1420 777 1512 818 ἀλλ’
1537 774 1560 828 ἢ

227 847 317 899 παρ’
344 848 472 888 αὑτῶν
496 846 544 887 ἄν
564 846 603 897 μ’
622 847 790 898 ἔτρεφον
816 842 838 896 ἢ
865 849 917 900 τῷ
944 849 1045 900 λιμῷ
1071 848 1268 898 περιεῖδον
1293 846 1559 896 ἀπολόμενον.

231 915 355 954 καίτοι
387 918 469 956 πῶς
501 913 546 954 οὐ
580 914 720 959 δεινόν,
759 914 791 953 εἰ
825 913 951 964 ἕτεροι
978 914 1050 963 μὲν
1084 913 1185 953 οἶκοι
1218 915 1464 953 ταλαντιαῖοι
1500 912 1562 952 καὶ

229 980 456 1022 διτάλαντοι
476 979 810 1032 καταλειφθέντες
831 981 874 1020 ἐκ
902 983 971 1019 τοῦ
993 982 1243 1030 μισθωθῆναι
1267 979 1474 1021 διπλάσιοι
1499 979 1562 1020 καὶ

228 1047 460 1100 τριπλάσιοι
483 1048 713 1100 γεγόνασιν,
738 1046 832 1087 ὥστ’
859 1045 1066 1097 ἀξιοῦσθαι
1089 1051 1337 1103 λῃτουργεῖν,
1366 1048 1387 1087 ὁ
1411 1046 1444 1087 δ’
1471 1046 1564 1097 ἐμὸς

228 1118 480 1168 τριηραρχεῖν
500 1114 721 1165 εἰθισμένος
746 1115 807 1154 καὶ
825 1113 1004 1166 μεγάλας
1024 1115 1217 1166 εἰσφορὰς
1237 1113 1442 1167 εἰσφέρειν
1466 1115 1563 1165 μηδὲ

229 1183 369 1234 μικρὰς
405 1181 614 1232 δυνήσεται
644 1183 707 1222 διὰ
738 1183 808 1223 τὰς
845 1181 993 1221 τούτων
1027 1182 1310 1234 ἀναισχυντίας
1322 1198 1334 1228 ;
1384 1182 1493 1222 τίνας
1529 1179 1561 1220 δ’

232 1249 339 1290 οὗτοι
373 1250 614 1290 λελοίπασιν
652 1250 880 1300 ὑπερβολὰς
918 1249 1064 1295 εἰπεῖν,·
1103 1248 1140 1288 οἳ
1178 1249 1240 1288 καὶ
1275 1247 1346 1298 τὴν
1375 1246 1563 1297 διαθήκην

234 1317 479 1369 ἠφανίκασιν
499 1316 550 1358 ὡς
568 1314 774 1366 λήσοντες,
799 1316 860 1356 καὶ
881 1316 951 1357 τὰς
969 1317 1042 1364 μὲν
1062 1314 1261 1367 σφετέρας
1281 1315 1407 1355 αὐτῶν
1426 1313 1564 1356 οὐσίας

233 1385 275 1424 ἐκ
299 1387 379 1424 τῶν
406 1384 646 1435 ἐπικαρπιῶν
677 1381 892 1437 διῳκήκασι
920 1382 983 1422 καὶ
1008 1383 1179 1436 τάρχαῖα
1203 1385 1281 1422 τῶν
1304 1381 1563 1434 ὑπαρχόντων

231 1452 274 1491 ἐκ
298 1454 375 1491 τῶν
400 1451 504 1501 ἐμῶν
528 1453 666 1504 πολλῷ
697 1450 815 1501 μείζω
845 1448 1097 1500 πεποιήκασι,
1129 1451 1198 1499 τῆς
1228 1448 1260 1489 δ’
1286 1449 1381 1500 ἐμῆς
1413 1447 1562 1494 οὐσίας,

232 1518 368 1570 ὥσπερ
391 1519 439 1557 τὰ
463 1516 620 1570 μέγισθ’
645 1517 713 1569 ὑφ’
733 1517 843 1568 ἡμῶν
864 1516 1126 1567 ἀδικηθέντες,
1153 1517 1250 1557 ὅλον
1274 1515 1318 1556 τὸ
1346 1514 1565 1569 κεφάλαιον

233 1583 475 1641 ἀνῃρήκασι,·
515 1585 577 1625 καὶ
602 1586 710 1635 ὑμεῖς
735 1586 808 1635 μὲν
834 1583 922 1624 οὐδὲ
947 1588 1023 1624 τῶν
1049 1585 1103 1625 εἰς
1133 1585 1230 1634 ὑμᾶς
1261 1583 1565 1635 ἁμαρτανόντων

231 1653 326 1692 ὅταν
355 1651 459 1693 τινὸς
492 1652 845 1704 καταψηφίσησθε,
888 1651 934 1692 οὐ
968 1651 1098 1691 πάντα
1133 1653 1181 1691 τα
1217 1650 1297 1691 ὄντ’
1330 1650 1562 1703 ἀφείλεσθε,

231 1718 323 1758 ἀλλ’
347 1715 370 1768 ἢ
397 1723 582 1770 γυναῖκας
607 1715 630 1768 ἢ
658 1719 786 1759 παιδί’
814 1718 941 1759 αὐτῶν
967 1717 1208 1769 ἐλεήσαντες
1232 1717 1349 1769 μέρος
1373 1734 1411 1757 τι
1437 1717 1561 1757 κάκεί-

232 1802 312 1827 νοις
337 1786 561 1826 ὑπελίπετε·
600 1786 707 1826 οὗτοι
737 1788 778 1826 δὲ
813 1789 1004 1826 τοσοῦτον
1031 1784 1290 1838 διαφέρουσιν
1313 1785 1433 1836 ὑμῶν,
1460 1784 1565 1824 ὥστε

234 1852 296 1892 καὶ
320 1854 467 1904 δωρεὰς
486 1852 574 1904 παρ’
598 1852 707 1903 ἡμῶν
735 1853 1040 1905 προσλαβόντες
1066 1853 1131 1893 ἵνα
1151 1852 1308 1893 δικαίως
1333 1850 1562 1904 ἐπιτροπεύ-

234 1936 352 1966 σωσι,
379 1919 523 1959 τοιαῦτ’
550 1920 604 1961 εἷς
628 1920 728 1970 ἡμᾶς
760 1920 960 1971 ὑβρίκασι.
1027 1919 1089 1959 καὶ
1122 1918 1201 1959 οὐδ’
1227 1919 1505 1975 ᾐσχύνθησαν,
1533 1918 1566 1957 εἷ

231 1985 283 2037 μὴ
309 1985 501 2036 ἠλέησαν,
529 1985 600 2037 τὴν
626 1986 723 2037 ἐμὴν
751 1985 943 2039 ἀδελφήν,
971 1987 1004 2026 εἷ
1029 1989 1135 2026 δυοῖν
1159 1985 1370 2026 ταλάντοιν
1394 1983 1470 2025 ὑπὸ
1498 1987 1567 2023 τοῦ

276 2105 296 2134 3
321 2098 377 2128 οὐκ
393 2097 431 2128 ἂν
448 2096 552 2136 ἔχοιμ’
572 2097 611 2128 ἂν
628 2097 729 2128 εἰπεῖν
744 2094 775 2125 Α
924 2107 942 2133 4
968 2094 1157 2135 κεκόμισμαι
1175 2095 1265 2144 vuig.
1281 2106 1287 2126 t
1313 2095 1499 2134 κεκομίσθαι
1516 2093 1541 2126 S
1558 2105 1566 2126 :

1583 859 1623 884 10

1586 1195 1623 1227 15

1586 1529 1625 1551 20

1587 1864 1624 1896 25

235 2141 422 2179 κεκόμισται
441 2139 658 2171 Funkhaenel
750 2148 770 2178 5
794 2139 870 2180 πρὸς
887 2138 939 2180 ὂφ.
959 2139 1093 2169 divisim
1112 2138 1230 2178 scripsl
1247 2148 1322 2169 cum
1340 2138 1364 2169 S
1432 2141 1497 2171 πῶς
1510 2163 1517 2170 .
1534 2163 1543 2172 .
1555 2161 1562 2169 .
1612 2166 1614 2169 ,

235 2186 460 2223 διαγανακτεῖν
479 2183 557 2215 secl.
580 2183 676 2213 BlaSS
762 2185 987 2223 διαγανακτεῖν
1005 2183 1050 2213 S:
1076 2183 1270 2223 ἀγανακτεῖν
1286 2186 1365 2212 cett.
1470 2183 1491 2211 6
1514 2181 1564 2222 δὲ]

235 2227 274 2265 δὴ
293 2226 392 2258 Blass
497 2229 524 2259 εἰ
539 2229 601 2267 γὰρ
618 2227 649 2256 Α
666 2236 673 2255 :
699 2227 726 2258 εἴ
742 2231 834 2258 cett..
857 2226 962 2257 Bekk.
981 2226 1111 2257 Anecd.
1131 2237 1162 2266 p.
1185 2235 1254 2264 144.
1275 2235 1314 2255 10
1447 2235 1465 2264 7
1491 2226 1566 2267 πρὸς

237 2270 472 2311 ἐπετροπεύθην
489 2270 619 2309 divisim
639 2270 758 2309 scripsi
777 2279 849 2299 cum
870 2269 892 2299 S
1070 2279 1108 2300 10
1132 2270 1264 2309 παρίδον
1287 2267 1511 2308 ἀπολλύμενον
1534 2267 1566 2298 Α

240 2324 276 2353 14
300 2313 470 2353 ἠθισμένος
489 2314 513 2344 S
604 2324 645 2351 23
662 2312 837 2354 ’γυναῖκαΑ
927 2323 967 2351 24
985 2313 1159 2345 ὑπελίπετε
1173 2312 1356 2343 Schaefer:
1374 2312 1566 2344 ὑπελείπετε

236 2357 348 2396 vulg.:
375 2358 565 2389 ὑπολείπετε
584 2357 612 2386 Α
848 2366 887 2395 27
913 2362 991 2387 ante
1015 2355 1160 2395 ἠλέησαν
1183 2357 1257 2388 add.
1285 2356 1411 2388 ἔδεισαν
1434 2353 1498 2387 οὐδ’
1514 2354 1565 2386 A:

236 2401 368 2443 ᾔδεισαν
385 2403 448 2433 οὐδ’
468 2401 491 2431 S
507 2400 531 2430 F
549 2411 556 2430 1
580 2400 645 2432 del.
668 2400 795 2430 Reiske
