1685 2772
55 112 178 168 [826]

66 590 179 647 [827]

139 730 182 764 43

135 1206 181 1240 44

137 1671 179 1707 45

635 122 1139 161 ΔΗΜΟΣΘΕΝΟὙΣ
1407 117 1542 174 [xxvn

210 238 282 286 ρεῖ·
320 237 388 277 τὰς
425 234 458 275 δ’
495 233 770 286 ἑβδομήκοντα
803 237 914 286 μνᾶς,
945 234 990 275 ἃς
1017 234 1270 285 Θηριππίδης
1302 235 1467 286 ἔλαβεν,
1499 235 1544 276 οὐ

213 303 527 354 προσγραφῆναί
547 307 686 354 φησιν,
714 302 802 342 οὐδὲ
830 301 874 342 τὸ
907 304 1058 352 πλῆθος
1085 303 1155 351 τῆς
1184 301 1321 343 οὐσίας
1349 301 1394 341 τὸ
1423 319 1542 343 κατα-

210 368 391 421 λειφθέν,
430 369 519 409 οὐδὲ
551 368 619 409 τὸν
649 369 755 409 οἷκον
786 369 893 410 ὅπως
923 368 1217 420 μισθώσουσιν·
1255 367 1300 407 οὐ
1336 369 1411 421 γὰρ
1439 369 1543 425 αὐτῷ

213 435 408 487 συμφέρει
447 438 805 489 προσομολογῆσαι
843 438 977 475 ταῦτα.
1048 437 1154 485 λαβὲ
1201 434 1247 485 δὴ
1285 434 1357 485 τὴν
1404 436 1543 477 τούτου

211 502 434 555 ἀπόκρισιν.

772 639 984 667 ΜΑΡΤΎΡῙΑ.

279 715 407 757 Οὗτος
448 715 496 755 αῦ
533 715 604 765 τὴν
645 716 717 765 μὲν
759 713 947 764 διαθήκην
985 712 1174 766 γενέσθαι
1212 715 1352 766 φησίν,
1396 713 1459 755 καὶ
1499 713 1545 755 τὸ

213 783 399 834 ἀργύριον
442 784 483 822 ἐκ
522 786 591 822 τοῦ
626 785 781 835 χαλκοῦ
814 782 876 821 καὶ
912 782 981 830 τῆς
1019 783 1175 831 κηκῖδος
1212 781 1454 832 ἀποδοθῆναι
1490 785 1543 836 τῷ

213 850 455 905 Θηριππίδῃ,
497 848 517 889 ὃ
558 850 707 891 ἐκεῖνος
740 849 784 889 οὕ
823 854 962 900 φησιν,
996 847 1060 888 καὶ
1091 849 1139 887 τὰ
1175 848 1242 889 δύο
1279 848 1455 889 τάλαντα
1490 852 1544 904 τῷ

215 920 472 969 Δημοφῶντι·
523 917 612 968 περὶ
653 918 695 957 δὲ
737 919 816 955 τῶν
855 915 957 970 αὐτῷ
996 913 1191 956 δοθέντων
1230 917 1431 968 γραφῆναι
1471 915 1545 967 μέν

213 990 351 1037 φησιν,
379 983 453 1037 οὐχ
477 984 728 1035 ὁμολογῆσαι
757 982 790 1022 δ’
816 982 943 1028 αὐτός,
972 981 1036 1022 ἵνα
1064 981 1116 1033 μὴ
1146 985 1240 1039 δοκῇ
1270 985 1427 1033 λαβεῖν.
1498 982 1545 1024 τὸ

212 1053 254 1091 δὲ
283 1052 433 1101 πλῆθος
461 1052 529 1100 τῆς
562 1050 699 1092 οὐσίας
735 1049 815 1089 οὐδ’
846 1049 959 1090 οὗτος
991 1049 1207 1100 ἀποφαίνει
1240 1050 1424 1096 καθόλου,
1455 1049 1545 1091 οὐδὲ

211 1117 256 1157 τὸ
281 1120 448 1168 μισθοῦν
472 1117 541 1157 τὸν
565 1116 686 1157 οἶκον·
726 1116 814 1156 οὐδὲ
839 1117 914 1169 γὰρ
941 1115 1029 1155 οὐδὲ
1055 1115 1176 1170 τούτῳ
1198 1115 1394 1168 συμφέρει
1417 1133 1543 1168 προσ-

214 1186 463 1236 ομολογῆσαι
497 1187 631 1224 ταῦτα.
713 1185 836 1233 δῆλον
877 1183 1008 1223 τοίνυν
1048 1182 1159 1222 ἐστὶν
1201 1182 1314 1222 οὐδὲν
1343 1182 1462 1233 ἧττον
1498 1185 1544 1223 τὸ

213 1254 364 1302 πλῆθος
401 1254 478 1291 τῶν
511 1249 872 1303 καταλειφθέντων,
910 1250 1049 1300 καίπερ
1086 1249 1360 1300 ἀφανιζόντων
1394 1249 1543 1291 τούτων

212 1318 284 1369 τὴν
309 1318 450 1359 οὐσίαν
474 1319 515 1357 ἐκ
534 1321 611 1358 τῶν
636 1320 843 1368 διαθηκῶν,
871 1313 918 1366 ἐξ
939 1317 994 1356 ὧν
1018 1319 1194 1356 τοσαῦτα
1223 1315 1389 1370 χρήματ’
1414 1315 1539 1367 ἀλλή-

213 1390 300 1427 λοις
326 1385 428 1437 φασὶ
453 1387 626 1435 δοθῆναι.
698 1385 809 1426 ὅστις
839 1385 914 1436 γὰρ
949 1384 991 1424 ἐκ
1021 1382 1216 1436 τεττάρων
1247 1383 1452 1425 ταλάντων
1479 1384 1542 1425 καὶ

214 1453 448 1506 τρισχιλίων
485 1455 566 1493 τοῖς
604 1453 676 1502 μὲν
713 1451 800 1503 τρία
837 1449 1016 1492 τάλαντα
1058 1451 1120 1491 καὶ
1158 1452 1359 1505 δισχιλίας
1401 1455 1544 1504 προῖκα

214 1518 395 1565 δέδωκεν,
434 1522 487 1573 τῷ
527 1518 558 1558 δ’
601 1517 876 1569 ἑβδομήκοντα
918 1522 1018 1570 μνᾶς
1069 1523 1324 1571 καρποῦσθαι,
1369 1518 1543 1572 φανερὸν

215 1584 338 1636 δήπου
379 1588 502 1626 πᾶσιν
541 1587 601 1625 ὅτι
638 1585 705 1625 οὐκ
744 1584 822 1626 ἀπὸ
861 1590 1000 1639 μικρᾶς
1038 1587 1189 1633 οὐσίας,
1217 1588 1323 1627 ἀλλὰ
1358 1586 1483 1628 πλέον
1518 1582 1543 1637 ἢ

215 1654 427 1694 διπλασίας
451 1652 496 1703 ἧς
522 1653 608 1703 ἐμοὶ
634 1651 864 1694 κατέλειπεν
889 1654 995 1695 ταῦτ’
1014 1656 1194 1707 ἀφεῖλεν.
1264 1655 1308 1695 οὐ
1324 1656 1399 1707 γὰρ
1420 1653 1542 1705 δήπου

215 1719 283 1760 τὸν
314 1721 385 1770 μὲν
417 1719 501 1760 υἱὸν
535 1720 603 1769 ἐμὲ
638 1718 771 1770 πένητ’
806 1723 999 1770 ἐβούλετο
1038 1726 1281 1768 καταλιπεῖν,
1312 1722 1471 1763 τούτους
1501 1723 1543 1762 δὲ

215 1786 432 1828 πλουσίους
479 1787 594 1828 ὄντας
632 1786 689 1827 ἔτι
725 1789 1042 1842 πλουσιωτέρους
1079 1792 1242 1840 ποιῆσαι
1283 1790 1541 1840 ἐπεθύμησεν,

216 1853 307 1894 ἀλλ’
333 1853 446 1894 ἕνεκα
469 1857 537 1894 τοῦ
552 1853 726 1905 πλήθους
745 1861 822 1897 τῶν
840 1858 926 1908 ἐμοὶ
948 1857 1294 1908 καταλειπομένων
1315 1856 1543 1912 Θηριππίδῃ

216 1937 257 1961 τε
281 1924 471 1961 τοσοῦτον
495 1921 681 1974 ἀργύριον
708 1925 769 1964 καὶ
798 1927 1042 1977 Δημοφῶντι
1066 1926 1114 1964 τὰ
1135 1924 1201 1964 δύο
1226 1923 1413 1970 τάλαντα,
1436 1923 1543 1963 οὔπω

216 1987 406 2039 μέλλοντι
430 1989 474 2044 τῇ
500 1989 656 2046 ἀδελφῇ
669 1996 716 2047 τῇ
736 1992 807 2047 ἐμῇ
831 1990 1098 2041 συνοικήσειν,
1121 1993 1365 2043 καρποῦσθαι
1386 1991 1542 2035 ἔδωκεν,

265 2111 279 2132 1
305 2102 499 2141 Θηριππίδης
513 2102 575 2133 de1.
590 2101 743 2139 Voemel,
763 2103 857 2134 αὐτὸς
875 2101 1080 2132 desideravit
1097 2100 1260 2132 Schaefer
1378 2111 1398 2140 4
1422 2101 1460 2138 δὴ
1477 2109 1543 2130 om.

220 2144 249 2175 A
388 2155 407 2184 5
433 2145 600 2187 ἀπόκρισιν
618 2145 669 2176 A:
694 2145 867 2185 μαρτυρίαν
889 2145 951 2175 SF
1093 2146 1114 2174 6
1140 2144 1280 2174 ‘lemma
1303 2153 1378 2174 esse
1402 2142 1545 2174 debebat

219 2193 439 2223 ΑΠΟΚΡΙΣΙΣ
458 2190 676 2221 MAPTTPIA’
697 2188 828 2228 (Blass)
918 2188 938 2218 8
962 2191 1080 2220 κικιδος
1097 2187 1121 2218 S
1214 2197 1252 2217 12
1275 2188 1312 2218 τὸ
1329 2186 1545 2222 καταλειφθέν

219 2237 296 2270 post
312 2232 450 2265 καθόλου
466 2233 541 2263 add.
564 2232 615 2262 A:
641 2242 706 2264 om.
727 2232 750 2262 S
765 2232 789 2262 F
882 2241 920 2270 13
944 2231 1013 2262 οὐδὲ
1033 2231 1152 2272 τούτῳ]
1171 2231 1297 2262 τούτοις
1314 2230 1345 2260 Α
1440 2231 1544 2268 17—18

219 2276 254 2306 ἐκ
267 2299 274 2307 .
290 2299 297 2307 .
313 2300 320 2307 .
334 2275 543 2316 τρισχιλίων]
558 2278 594 2308 ἐκ
609 2278 675 2307 τῶν
692 2276 793 2307 ὄντων
810 2273 951 2316 τέτταρα
966 2276 1113 2308 τάλαντα
1123 2275 1174 2306 καὶ
1186 2274 1370 2314 τρισχιλίας
1389 2273 1546 2304 Foerster

218 2318 288 2349 coll.
307 2320 387 2350 xxix
405 2330 447 2358 44
573 2329 611 2357 19
635 2318 785 2359 δέδωκεν]
805 2318 901 2350 ἔδωκε
921 2318 1030 2358 Blass‚
1048 2319 1107 2349 sed
1125 2317 1164 2348 ef.
1185 2316 1272 2348 Isae.
1290 2317 1324 2348 ix
1340 2326 1383 2356 35
1502 2325 1540 2346 21

218 2363 387 2395 κατέλειπε
409 2363 506 2393 Blass
522 2374 529 2392 :
555 2361 728 2394 κατέλιπεν
746 2363 769 2392 S
787 2371 874 2392 corr.
894 2363 983 2401 vulg.
1002 2373 1009 2392 :
1033 2367 1222 2394 καταλιπειν
1236 2359 1275 2391 5¹
1441 2369 1483 2399 25
1506 2373 1544 2392 τε

219 2406 249 2435 in
267 2417 331 2438 ras.
353 2407 398 2437 S:
421 2415 483 2436 om.
504 2405 534 2435 A

1567 937 1607 960 10

1566 1269 1604 1301 15

1565 1604 1606 1626 20

1567 1938 1605 1971 25
