1645 2742
577 168 1034 211 PRAEFATIO

139 280 316 322 omittit.
358 282 472 322 adde
492 283 609 334 quod
633 282 884 335 Augustani
907 284 1195 324 correctiones
1210 282 1224 306 ¹
1248 284 1465 336 quaedam

140 349 461 390 recentissimae
478 350 519 390 in
537 350 714 391 alterius
731 358 903 392 textum
915 358 1114 405 receptae
1124 363 1237 392 sunt.
1270 352 1468 392 nonnihil

139 424 285 458 tamen
319 420 527 459 momenti
559 420 692 460 habet
724 420 887 461 codicis
924 435 942 460 r
978 421 1278 461 testimonium
1318 421 1361 461 in
1397 420 1469 461 illa

139 493 262 539 parte
294 488 501 528 orationis
533 490 1009 543 undequadragesimae
1041 490 1114 530 ubi
1147 489 1320 530 duobus
1358 489 1469 530 foliis

139 556 378 608 deperditis
399 558 661 598 obmutescit
685 558 807 598 nobis
835 558 1139 612 Augustanus.
1201 572 1279 600 nec
1311 572 1397 599 non
1428 558 1469 597 in

142 625 381 665 Prooemiis
404 640 527 666 suum
551 627 631 666 sibi
654 627 798 667 locum
821 627 1012 668 vindicat
1035 629 1162 668 iuxta
1189 626 1219 667 S
1237 628 1273 667 F
1288 627 1328 680 Q
1346 624 1423 683 D.]

197 694 395 734 Tertiam
437 695 644 735 familiam
687 697 809 737 ducit
853 697 1102 737 Marcianus
1141 697 1188 738 F.
1250 697 1290 736 in
1328 697 1468 751 priore

139 770 262 816 parte
301 774 399 804 cum
443 765 590 805 codice
630 766 822 818 quodam
858 765 1061 819 vulgatae
1098 766 1333 806 memoriae
1370 779 1469 806 con-

139 833 390 883 taminatus,
423 833 465 873 in
498 834 673 887 privatis
709 842 825 876 certe
861 835 1129 876 orationibus
1163 835 1335 889 saepius
1372 849 1468 875 cum

142 901 335 941 Parisino
358 903 587 944 consentit.
651 917 750 943 cum
774 910 921 943 tamen
944 904 985 944 in
1007 904 1204 944 oratione
1226 918 1357 945 xxxv
1383 904 1469 944 litis

140 970 429 1012 instrumenta
476 973 633 1023 quibus
682 979 801 1014 caret
842 972 885 1024 S,
928 987 985 1013 ex
1027 974 1176 1015 codice
1215 973 1272 1014 ab
1313 974 1467 1014 eadem

138 1040 270 1094 stirpe
292 1053 378 1093 qua
399 1039 444 1080 A
468 1040 664 1082 derivato
687 1041 935 1082 Marcianus
957 1048 1132 1095 sumpta
1150 1042 1369 1095 praebeat,
1386 1042 1470 1083 alia

139 1121 314 1161 quoque
377 1109 572 1150 indidem
638 1111 874 1163 sumpsisse
935 1111 1026 1151 iure
1089 1118 1271 1152 statuas.
1342 1112 1469 1152 huius

139 1177 347 1218 orationis
395 1185 570 1231 praesto
618 1180 723 1220 mihi
771 1179 850 1220 fuit
901 1181 1090 1234 Drerupi
1135 1181 1469 1222 adcuratissima

139 1245 328 1287 collatio.

197 1312 430 1371 [Codicem
454 1316 710 1358 Bavaricum
732 1317 798 1357 vel
820 1332 877 1359 ex
903 1318 939 1358 F
959 1318 1227 1371 descriptum
1248 1319 1318 1359 vel
1336 1319 1396 1359 ita
1412 1333 1468 1359 ex

139 1397 191 1424 eo
212 1385 456 1425 derivatum
481 1393 528 1426 ut
551 1400 637 1426 non
660 1386 741 1426 nisi
759 1401 869 1427 unus
886 1388 1030 1429 codex
1048 1388 1346 1437 intercesserit,
1365 1389 1468 1428 satis

138 1467 354 1506 superque
367 1454 776 1495 demonstraverunt
793 1455 1051 1505 Buermann,
1070 1456 1259 1510 LipsiuS‚
1282 1457 1467 1510 Drerup.

139 1522 341 1576 quocirca
363 1536 450 1562 non
472 1523 556 1563 iam
580 1524 622 1563 in
643 1537 820 1564 censum
842 1520 1094 1580 vocandus]

198 1591 408 1632 Marciani
426 1592 462 1631 F
478 1592 601 1644 quasi
623 1592 858 1646 gemellum
881 1606 975 1634 esse
997 1593 1270 1635 Marcianum
1294 1594 1335 1649 Q
1359 1595 1470 1635 inter

139 1660 252 1700 viros
275 1660 431 1701 doctos
453 1661 557 1700 satis
577 1668 761 1702 constat.
823 1675 964 1715 paene
984 1663 1041 1702 ad
1063 1664 1242 1703 verbum
1267 1678 1365 1704 cum
1393 1664 1469 1704 illo

140 1729 367 1770 consentit.
428 1742 515 1768 non
544 1736 692 1769 tamen
719 1728 822 1770 inde
844 1730 1089 1770 derivatum
1113 1746 1205 1772 esse
1224 1739 1315 1772 tam
1340 1732 1468 1772 certis

140 1797 407 1851 argumentis
434 1797 737 1851 comprobavit
761 1799 826 1839 vir
852 1799 1134 1840 doctissimus
1161 1807 1205 1841 et
1226 1801 1392 1853 optime
1414 1802 1468 1841 de

142 1866 442 1907 Demosthene
492 1866 684 1920 me1·itu5‚
726 1867 1020 1922 Engelbertus
1065 1869 1256 1922 Drerup,
1307 1876 1356 1910 ut
1415 1882 1468 1909 ne

141 1934 390 1975 Carneades
417 1935 597 1987 quidem
628 1935 834 1976 dubitare
862 1944 1026 1989 posset.
1086 1937 1224 1978 immo
1255 1951 1356 1978 suas
1386 1937 1467 1977 sibi

139 2003 274 2044 habet
303 2004 443 2045 bonas
473 2004 680 2044 lectiones
712 2018 748 2044 e.
763 2018 804 2058 g.
837 2005 927 2048 xlv,
962 2006 1000 2056 8,
1029 2005 1132 2046 xlvi.
1173 2017 1256 2057 22;
1297 2005 1469 2047 notulas

141 2085 316 2125 quoque
346 2073 607 2125 marginales
637 2087 746 2126 quas
777 2073 834 2114 ad
863 2074 1093 2127 exemplar
1113 2075 1217 2115 satis
1240 2076 1468 2127 antiquum

141 2141 281 2181 redire
305 2140 583 2181 manifestum
608 2149 700 2192 est;
731 2156 936 2183 numeros
965 2144 1154 2196 denique
1177 2143 1466 2184 stichometri-

141 2223 213 2249 cos
234 2210 458 2263 aliquanto
481 2223 611 2263 quam
633 2209 676 2250 in
699 2211 736 2250 F
757 2211 1033 2264 copiosiores

201 2277 358 2318 Codex
393 2278 714 2319 Ambrosianus
756 2278 798 2318 D
840 2280 1026 2319 antehac
1068 2293 1220 2332 parum
1265 2279 1466 2319 innotuit.

142 2361 240 2388 cum
285 2347 375 2400 FQ
423 2347 680 2400 plerumque
727 2347 976 2400 conspirat:
1027 2362 1084 2387 ex
1127 2356 1280 2388 neutro
1321 2355 1466 2389 tamen

339 2447 350 2466 ¹
375 2458 404 2478 e.
421 2458 451 2486 g.
470 2447 587 2477 xxxix.
607 2448 626 2476 8
642 2446 692 2477 καῖ
710 2446 747 2486 δὴ
765 2447 876 2488 καλεῖ]
894 2446 953 2477 κᾶν
971 2446 1007 2485 δὴ
1024 2446 1107 2487 καλῇ
1124 2447 1155 2477 Α
1173 2458 1239 2479 rec.
1259 2458 1273 2477 r

782 2516 829 2540 vll
