1685 2772
71 118 180 172 [81⁵]

65 699 177 754 [διε]

133 1445 175 1469 10

132 2049 170 2075 11

638 118 1131 156 ΔΗΜΟΣΘΕΝΟΎΣ
1405 114 1537 168 [xxvu

213 227 294 268 οὐδ’
319 226 592 280 ἑβδομήκοντα
621 231 729 279 μνῶν
753 227 893 268 οὐσίαν
928 226 1175 278 κεκτημένον,
1204 228 1311 268 ἀλλὰ
1342 229 1537 280 τοσαύτην

211 295 312 345 ὅσην
338 295 416 335 οὐδ’
449 295 558 336 αὐτοὶ
591 295 698 335 οὗτοι
729 294 1041 347 ἀποκρύψασθαι
1071 295 1134 334 διὰ
1169 294 1214 334 τὸ
1245 294 1410 346 μέγεθος
1441 295 1538 348 πρὸς

211 362 283 412 τὴν
300 363 417 402 πόλιν
437 361 696 413 ἐδυνήθησαν.
768 362 835 402 καί
848 378 917 414 μοι
935 362 1213 414 ἀναγίγνωσκε
1230 362 1374 412 λαβὼν
1393 363 1537 414 ταύτην

211 428 281 479 τὴν
305 430 531 481 μαρτυρίαν.

776 553 987 581 ΜΑΡΤΎῬΙΑ.

278 633 414 681 Δῆλον
449 632 521 680 μὲν
553 631 685 670 τοίνυν
717 628 778 668 καὶ
817 629 858 667 ἐκ
893 628 1042 668 τούτων
1075 629 1185 670 ἐστὶν
1215 628 1259 668 τὸ
1288 631 1438 679 πλῆθος
1467 629 1537 680 τῆς

209 698 358 739 οὐσίας.
419 697 698 737 πεντεκαίδεκα
724 694 931 735 ταλάντων
957 696 1032 746 γὰρ
1057 696 1146 747 τρία
1174 694 1350 736 τάλαντα
1375 697 1534 747 τίμημα·

207 764 350 814 ταύτην
369 763 503 814 ἠξίουν
524 761 728 814 εἰσφέρειν
748 761 819 811 τὴν
845 760 1055 813 εἰσφοράν.
1108 762 1165 802 ἔτι
1190 762 1222 802 δ’
1248 762 1535 814 ἀκριβέστερον

208 832 367 871 εἴσεσθε
391 829 462 879 τὴν
487 830 628 869 οὐσίαν
654 828 775 878 αὐτὴν
802 828 1056 869 ἀκούσαντες·
1093 829 1113 867 ὁ
1142 830 1217 880 γὰρ
1250 828 1387 881 πατήρ,
1410 828 1440 869 ὦ
1466 829 1532 869 ἆν-

208 900 294 949 δρες
327 897 519 942 δικασταί,
548 895 759 936 κατέλιπεν
786 894 841 935 δύ’
867 893 1120 947 ἐργαστήρια,
1147 894 1290 949 τέχνης
1323 895 1367 935 οὐ
1395 899 1533 948 μικρᾶς

208 963 402 1015 ἑκάτερον,
428 962 738 1016 μαχαιροποιοὺς
767 964 840 1013 μὲν
865 961 1074 1014 τριάκοντα
1101 962 1163 1002 καὶ
1188 962 1243 1002 δύ’
1268 959 1290 1012 ἢ
1316 966 1431 1014 τρεῖς,
1460 964 1533 1003 ἀνὰ

206 1029 322 1071 πέντε
351 1033 451 1081 μνᾶς
488 1030 550 1070 καὶ
587 1029 642 1079 ἕξ,
686 1029 777 1070 τοὺς
813 1028 846 1069 δ’
876 1028 944 1068 οὐκ
977 1029 1189 1071 ἐλάττονος
1221 1026 1243 1079 ἦ
1277 1033 1393 1082 τριῶν
1424 1034 1533 1080 μνῶν

207 1096 350 1148 ἀξίους,
395 1096 464 1149 ἀφ’
513 1098 567 1136 ῶν
607 1096 816 1148 τριάκοντα
852 1099 952 1147 μνᾶς
994 1096 1149 1137 ἀτελεῖς
1196 1095 1425 1147 ἐλάμβανεν
1463 1101 1532 1137 τοῦ

207 1165 385 1205 ἐνιαυτοῦ
415 1164 486 1214 τὴν
510 1165 722 1215 πρόσοδον,
759 1162 1009 1205 κλινοποιοὺς
1039 1162 1072 1203 δ’
1098 1164 1223 1203 εἴκοσι
1255 1163 1323 1203 τὸν
1352 1165 1529 1216 ἀριθμόν,

206 1231 491 1284 τετταράκοντα
526 1235 634 1282 μνῶν
668 1229 960 1281 ὑποκειμένους,
996 1230 1032 1270 οἳ
1069 1230 1217 1270 δώδεκα
1247 1233 1345 1281 μνᾶς
1376 1232 1532 1274 ἀτελεῖς

206 1299 308 1353 αὐτῷ
347 1298 614 1351 προσέφερον,
655 1298 841 1350 ἀργυρίου
879 1296 911 1336 δ’
947 1298 1002 1338 εἰς
1039 1296 1235 1338 τάλαντον
1275 1298 1337 1338 ἐπὶ
1376 1301 1531 1355 δραχμῇ

207 1365 520 1416 δεδανεισμένου,
542 1365 586 1405 οῦ
605 1365 719 1406 τόκος
737 1365 918 1416 ἐγίγνετο
936 1368 1005 1404 τοῦ
1024 1365 1200 1405 ἐνιαυτοῦ
1221 1364 1389 1405 ἑκάστου
1413 1369 1530 1406 πλεῖν

205 1430 229 1482 ἢ
268 1434 366 1473 ἑπτὰ
403 1436 508 1483 μναῖ.
580 1432 644 1472 καὶ
681 1435 805 1472 ταῦτα
838 1433 912 1482 μὲν
948 1432 1090 1484 ἐνεργὰ
1124 1430 1345 1478 κατέλιπεν,
1381 1432 1432 1474 ὡς
1468 1432 1531 1472 καὶ

206 1500 315 1540 αὐτοὶ
351 1500 457 1540 οῦτοι
493 1497 830 1551 ὁμολογήσουσιν·
867 1499 922 1539 ὧν
954 1500 1132 1550 γίγνεται
1163 1502 1231 1538 τοῦ
1261 1501 1334 1548 μὲν
1366 1500 1531 1552 ἀρχαίου

206 1566 425 1619 κεφάλαιον
443 1566 610 1619 τέτταρα
633 1566 810 1606 τάλαντα
837 1566 899 1607 καὶ
924 1566 1258 1618 πεντακισχίλιαι,
1286 1565 1331 1605 τὸ
1356 1565 1389 1605 δ’
1413 1566 1531 1618 ἔργον

204 1634 331 1674 αὐτῶν
366 1632 609 1684 πεντήκοντα
641 1637 737 1684 μναῖ
769 1636 838 1673 τοῦ
873 1634 1049 1673 ἐνιαυτοῦ
1085 1632 1263 1673 ἑκάστου.
1333 1634 1457 1686 χωρὶς
1488 1635 1531 1674 δὲ

203 1701 351 1741 τούτων
387 1699 589 1753 ἐλέφαντα
621 1702 694 1751 μὲν
730 1701 792 1740 καὶ
830 1700 1005 1752 σίδηρον,
1044 1698 1089 1739 ὃν
1126 1699 1426 1751 κατηργάζοντο,
1465 1700 1530 1740 καὶ

204 1766 304 1817 ξύλα
330 1767 465 1808 κλίνει’
491 1769 546 1809 εἰς
577 1765 820 1819 ὀγδοήκοντα
847 1769 946 1818 μνᾶς
976 1765 1079 1817 ἄξια,
1107 1770 1243 1817 κηκῖδα
1269 1769 1310 1807 δὲ
1337 1767 1400 1807 καὶ
1424 1772 1524 1821 χαλ-

205 1834 273 1875 κὸν
299 1834 572 1886 ἑβδομήκοντα
603 1838 710 1885 μνῶν
737 1833 948 1884 ἐωνημένα,
976 1833 1033 1874 ἔτι
1064 1833 1096 1874 δ’
1123 1834 1250 1874 οἰκίαν
1277 1834 1525 1888 τρισχιλίων,

203 1901 351 1942 ἔπιπλα
375 1904 417 1943 δὲ
445 1902 506 1942 καὶ
531 1901 743 1952 ἐκπώματα
769 1901 831 1941 καὶ
855 1902 1002 1955 χρυσία
1028 1902 1090 1941 καὶ
1116 1900 1260 1952 ἱμάτια,
1282 1900 1351 1941 τὸν
1378 1902 1528 1953 κόσμον

203 1971 271 2018 τῆς
301 1969 460 2021 μητρός,
494 1966 586 2018 ἄξια
620 1968 830 2019 σύμπαντα
859 1967 965 2008 ταῦτ’
996 1969 1052 2010 εἰς
1079 1968 1215 2020 μυρίας
1241 1967 1428 2022 δραχμάς,
1457 1969 1524 2019 ἀρ-

203 2037 337 2086 γυρίου
375 2035 408 2075 δ’
447 2035 560 2076 ἔνδον
596 2034 839 2088 ὀγδοήκοντα
875 2038 987 2086 μνᾶς.
1059 2036 1123 2076 καὶ
1159 2038 1281 2075 ταῦτα
1316 2037 1388 2086 μὲν
1427 2036 1527 2075 οἴκοι

205 2101 412 2142 κατέλιπεν
454 2102 592 2149 πάντα,
631 2104 792 2143 ναυτικὰ
828 2101 860 2143 δ’
898 2101 1172 2154 ἑβδομήκοντα
1211 2105 1323 2152 μνᾶς,
1368 2101 1527 2142 ἔκδοσιν

245 2221 264 2250 3
289 2212 340 2242 καί
353 2211 423 2252 μοι]
441 2213 543 2244 καίτοι
561 2212 592 2243 Α
681 2223 698 2251 7
721 2215 784 2254 ’γὰρ
796 2212 965 2245 ταλάντων
982 2212 1014 2243 Α
1106 2223 1145 2243 10
1164 2212 1353 2245 κατέλειπεν
1371 2212 1394 2244 S
1488 2224 1523 2244 11

203 2255 274 2295 ἀνὰ]
290 2256 363 2287 τοὺς
374 2255 432 2294 μὲν
449 2257 507 2288 ἄνα
523 2256 554 2286 A
637 2266 674 2286 12
700 2257 719 2294 ἢ
737 2258 788 2288 καὶ
806 2256 840 2297 ἕξ
857 2256 882 2286 F
996 2267 1032 2295 17
1058 2256 1299 2295 δεδανεισμένον
1311 2256 1342 2287 Α
1431 2260 1526 2289 πλεῖν

203 2298 303 2329 Dind.
317 2309 323 2328 ε
349 2301 461 2331 πλεῖον
472 2301 569 2331 codd.
672 2301 710 2329 18
734 2299 927 2332 κατέλειπεν
940 2299 964 2330 S
1076 2310 1119 2331 20
1141 2300 1392 2340 πεντακισχίλια
1409 2299 1446 2331 Sl
1457 2300 1487 2330 A
1499 2301 1525 2330 F

202 2352 243 2371 22
267 2341 513 2383 κατειργάζοντο
531 2343 555 2374 S
579 2353 664 2375 corr.
684 2343 774 2382 vulg.
878 2353 919 2382 23
942 2346 1021 2383 μνᾶς
1037 2343 1154 2375 Wolf:
1177 2346 1262 2383 μνῶν
1278 2343 1376 2375 codd.
1482 2354 1522 2383 25

202 2386 258 2418 τὸν
275 2385 298 2416 S
310 2385 339 2415 A
356 2397 363 2416 τ
388 2387 438 2417 καὶ
455 2387 542 2426 vulg.
679 2389 721 2417 26
744 2390 846 2418 ταῦτα
861 2397 925 2417 orn.
946 2387 971 2417 F

1556 568 1575 600 5

1557 916 1595 938 10

1553 1249 1590 1282 Ι5

1551 1584 1590 1605 20

1548 1919 1586 1951 25
