1685 2772
127 87 274 141 xxm]
513 91 675 129 ΠΡΟΣ
723 91 1063 130 ΦΟΡΜΙΩΝΑ
1488 82 1598 139 [911]

125 204 201 255 γὰρ
230 201 352 255 τούτῳ
390 201 442 255 τῷ
467 201 736 253 παρεστηκότι
770 200 815 242 τὸ
851 203 1021 255 χρυσίον
1037 201 1060 248 ’,
1094 202 1157 242 καὶ
1195 201 1275 253 ἅμα
1311 203 1454 253 ὁμολο-

125 272 269 321 γοῦντα
293 267 482 322 παρέχειν
506 267 577 309 τὸν
600 267 774 320 Λάμπιν·
816 269 900 310 νυνὶ
925 269 958 310 δ’
985 268 1189 320 οὐδέτερος
1221 269 1347 310 αὐτῶν
1377 269 1456 309 οὐδ’

125 337 254 376 ὁτιοῦν
275 334 384 376 εἶπεν
410 336 453 375 ἐν
486 336 647 390 τοιούτῳ
683 336 814 391 καιρῷ.
872 337 935 377 καὶ
959 338 1020 377 ὅτι
1048 337 1176 386 ἀληθῆ
1203 335 1323 389 λέγω,
1350 336 1458 388 λαβέ

123 420 190 455 μοι
213 402 285 453 τὴν
308 402 522 456 μαρτυρίαν
546 406 624 443 τῶν
651 402 869 455 κλητήρων.

84 555 100 584 5
686 545 896 572 MAPTTPIA.
1489 538 1598 594 [912]

190 626 306 676 Λαβὲ
332 621 378 674 δή
403 640 471 675 μοι
496 624 560 663 καὶ
585 623 629 664 τὸ
655 623 836 675 ἔγκλημα
860 622 881 663 ὃ
906 623 1057 676 ἔλαχον
1082 623 1183 678 αὐτῷ
1208 623 1387 676 πέρυσιν·
1437 624 1458 663 ὅ
1491 629 1533 664 16

125 692 236 732 ἐστιν
271 690 429 733 οὐδενὸς
458 690 626 731 ἔλαττον
658 689 880 743 τεκμήριον,
907 691 969 731 ὅτι
1005 690 1157 732 οὐδέπω
1194 690 1275 732 τότ’
1305 691 1458 743 ἔφησεν

125 758 313 812 Φορμίων
338 757 629 800 ἀποδεδωκέναι
654 757 699 798 τὸ
724 758 892 811 χρυσίον
916 757 1104 809 Λάμπιδι.

684 900 891 928 ΕΓΚΛΗΜΑ.

68 1005 106 1028 10
191 983 319 1021 Τοῦτο
358 983 402 1020 τὸ
441 979 620 1032 ἔγκλημα
656 978 835 1032 ἔγραφον
872 980 961 1032 ἐγώ,
1001 978 1030 1020 ὦ
1067 979 1204 1032 ἄνδρες
1239 979 1456 1031 Ἀθηναῖοι,

125 1048 344 1099 οὐδαμόθεν
369 1046 544 1087 ἄλλοθεν
570 1049 732 1086 σκοπῶν
763 1046 855 1087 ἀλλ’
879 1044 902 1097 ἢ
939 1049 980 1088 ἐκ
1014 1049 1082 1098 τῆς
1116 1048 1363 1100 ἀπαγγελίας
1389 1050 1459 1098 τῆς

127 1114 346 1166 Λάμπιδος,
385 1113 428 1155 ὃς
466 1113 534 1153 οὐκ
571 1113 750 1165 ἔφασκεν
786 1114 875 1154 οὔτε
911 1116 959 1154 τὰ
994 1113 1177 1168 χρήματα
1214 1115 1460 1155 ἐντεθεῖσθαι

126 1185 265 1222 τοῦτον
300 1181 390 1221 οὔτε
425 1183 470 1220 τὸ
506 1181 674 1234 χρυσίον
712 1179 993 1233 ἀπειληφέναι·
1043 1181 1096 1232 μὴ
1134 1182 1209 1234 γὰρ
1246 1181 1382 1222 οἴεσθέ
1410 1198 1460 1232 με

127 1250 250 1290 οὕτως
288 1247 546 1298 ἀπόπληκτον
585 1247 685 1288 εἶναι
728 1247 792 1287 καὶ
827 1252 1032 1290 παντελῶς
1066 1249 1316 1299 μαινόμενον,
1354 1249 1460 1289 ὥστε

69 1339 106 1372 ¹5
127 1319 281 1356 τοιοῦτο
305 1313 477 1367 γράφειν
502 1313 681 1366 ἔγκλημα
708 1314 998 1366 ὁμολογοῦντος
1023 1319 1091 1355 τοῦ
1116 1314 1322 1367 Λάμπιδος
1347 1316 1455 1356 ἀπει-

127 1382 301 1435 ληφέναι
325 1381 370 1421 τὸ
394 1382 576 1434 χρυσίον,
601 1380 670 1433 ὑφ’
691 1381 736 1421 οὗ
762 1382 934 1431 ἔμελλον
954 1380 1333 1435 ἐξελεγχθήσεσθαι.

190 1448 283 1489 ’Έτι
315 1447 371 1494 δέ,
402 1446 431 1487 ὦ
465 1447 602 1499 ἄνδρες
637 1447 857 1498 Ἀθηναῖοι,
887 1448 1042 1489 κάκεῖνο
1081 1449 1308 1501 σκέψασθε·
1350 1448 1460 1488 αὐτοὶ
1494 1467 1535 1502 17

130 1519 205 1569 γὰρ
230 1516 338 1556 οὗτοι
362 1514 629 1567 παραγραφὴν
656 1515 832 1556 διδόντες
865 1514 1042 1566 πέρυσιν,
1071 1515 1139 1555 οὐκ
1165 1517 1393 1567 ἐτόλμησαν
1419 1517 1460 1555 ἐν

129 1584 175 1639 τῇ
192 1586 434 1639 παραγραφῇ
452 1581 607 1634 γράψαι
632 1582 682 1623 ὧς
702 1582 1000 1623 ἀποδεδώκασιν
1022 1581 1197 1633 Λάμπιδι
1212 1582 1256 1623 τὸ
1281 1583 1460 1636 χρυσίον.

72 1671 110 1692 20
132 1651 199 1691 καί
218 1667 286 1701 μοι
308 1651 415 1700 λαβὲ
440 1648 562 1699 αὐτὴν
587 1648 658 1699 τὴν
683 1647 966 1701 παραγραφήν.

672 1799 921 1827 ΠΑΡΑΓΡΑΦΗ.

199 1879 396 1926 Ἀκούετε,
424 1878 453 1919 ὦ
479 1879 616 1932 ἄνδρες
646 1879 862 1928 Ἀθηναῖοι,
891 1879 952 1918 ὅτι
981 1876 1152 1928 οὐδαμοῦ
1177 1875 1397 1929 γέγραπται
1422 1877 1464 1917 ἐν

133 1952 180 2004 τῇ
200 1952 444 2003 παραγραφῇ
461 1946 513 1988 ὡς
538 1945 787 1987 ἀποδέδωκεν
804 1945 849 1986 τὸ
874 1947 1043 2000 χρυσίον
1068 1944 1256 1996 Φορμίων
1276 1943 1463 1994 Λάμπιδι,

135 2014 198 2054 καὶ
222 2013 329 2054 ταῦτ’
355 2015 448 2064 ἐμοῦ
468 2012 677 2066 διαρρήδην
694 2012 926 2066 γράψαντος
947 2014 1001 2055 εἷς
1026 2015 1070 2052 τό
1099 2011 1279 2064 ἔγκλημα
1304 2010 1324 2050 ὃ
1350 2010 1464 2060 ἠκού-

79 2102 114 2133 25
136 2097 234 2121 σατε
259 2082 411 2133 ἀρτίως,
433 2081 494 2120 ὅτι
519 2081 607 2120 οὔτε
631 2082 679 2120 τὰ
703 2080 887 2133 χρήματα
913 2080 1066 2120 ἔνθοιτο
1094 2080 1148 2120 εἷς
1173 2078 1246 2128 τὴν
1265 2081 1361 2118 ναῦν
1388 2077 1466 2117 οὔτ’

179 2198 200 2218 2
224 2191 280 2221 νῦν
297 2188 330 2218 Α
418 2198 438 2227 3
465 2187 514 2228 ἐν]
531 2191 621 2229 ἐντῷ
634 2186 701 2226 FQ
717 2187 746 2217 D
836 2199 855 2225 4
881 2186 1050 2226 κλητόρων
1064 2186 1088 2218 S
1101 2186 1131 2217 A
1220 2197 1240 2226 5
1265 2191 1466 2219 ΜΑΡΤΤΡΙΑ

138 2232 162 2262 S
177 2231 209 2262 D
225 2243 233 2263 ε
258 2237 474 2265 MAPTTPIAI
492 2231 580 2271 vu1g.
712 2241 730 2270 7
755 2230 877 2263 οὐδέπω
893 2230 963 2262 τότ’
978 2230 1106 2260 Reiske
1122 2241 1130 2260 t
1153 2230 1350 2262 οὐδεπώποτ’
1369 2230 1463 2261 codd.

141 2286 181 2306 10
206 2276 348 2317 ἔγραφον
364 2275 395 2306 Α
414 2275 578 2306 Schaefer
594 2276 619 2315 (‘
632 2274 743 2314 agitur
760 2275 802 2305 de
826 2275 898 2314 ipsa
919 2274 988 2304 litis
1007 2274 1148 2304 formula
1158 2274 1181 2313 ')
1198 2285 1206 2304 ι
1239 2275 1362 2314 ἔλαχον
1386 2278 1464 2305 cett.

140 2328 176 2349 11
203 2320 361 2360 ἀγγελίας
379 2320 403 2350 S
416 2319 441 2349 F
453 2319 482 2357 Q
498 2319 527 2349 D
628 2320 667 2349 18
691 2317 850 2358 διδόντες]
869 2317 978 2350 δόντες
996 2320 1054 2355 τῆς
1072 2317 1160 2355 δίκης
1179 2317 1209 2347 Α
1298 2328 1340 2348 20
1363 2316 1465 2357 λαβὲ]

139 2362 217 2402 λέγε
236 2363 261 2393 F
274 2362 304 2401 Q
319 2362 348 2392 D
483 2364 582 2401 αὐτὴν
598 2362 628 2392 Α
644 2374 651 2393 :
675 2361 798 2400 ταύτην
815 2366 891 2393 cett.
