1685 2772
49 113 190 170 [1010]

149 452 191 477 10

62 569 189 624 [1011]

147 1325 185 1350 11

148 2063 189 2088 12

633 119 1155 175 [ΔΗΜΟΣΘΕΝΟΎΣ]
1492 120 1557 175 [XL

224 233 359 283 ἐπειδὴ
386 235 427 273 δὲ
452 234 565 275 οὗτος
591 233 771 285 αὐξηθεὶς
797 235 860 274 καὶ
891 233 976 286 μεθ’
1003 235 1120 274 αὑτοῦ
1153 233 1559 286 παρασκευασάμενος

222 299 485 352 ἐργαστήριον
522 306 797 353 συκοφαντῶν,
836 303 891 342 ὧν
932 301 1090 354 ἡγεμὼν
1128 300 1174 352 ἦν
1216 303 1456 352 Μνησικλῆς
1496 303 1558 343 καὶ

223 369 434 418 Μενεκλῆς
458 369 609 410 ἐκεῖνος
629 370 649 408 ὁ
665 369 737 419 τὴν
756 372 884 410 Νῖνον
908 369 1026 415 ἑλών,
1042 368 1128 421 μεθ’
1148 370 1204 409 ῶν
1227 368 1340 411 οὗτος
1360 368 1560 419 ἐδικάζετό

220 452 295 486 μου
309 439 361 490 τῷ
383 436 501 487 πατρὶ
522 435 692 487 φάσκων
711 436 794 478 υἱὸς
819 436 918 477 εἶναι
936 436 1328 476 ἐκείνου-συνόδων
1353 438 1395 476 δὲ
1420 453 1554 489 γιγνο-

220 501 348 553 μένων
375 506 540 543 πολλῶν
565 504 662 555 ὑπὲρ
688 503 851 549 τούτων,
872 504 934 544 καὶ
949 507 1019 544 τοῦ
1036 502 1186 554 πατρὸς
1210 502 1279 543 οὐκ
1305 503 1352 543 ἂν
1379 502 1557 556 φάσκον·
1576 517 1597 551 5

220 586 286 611 τος
316 572 544 620 πεισθῆναι,
574 570 625 612 ὡς
658 571 765 611 οὗτοι
797 571 1014 623 γεγόνασιν
1046 569 1092 621 ἐξ
1119 571 1249 616 αὑτοῦ,
1277 574 1505 611 τελευτῶσα
1532 571 1556 622 ἡ

222 637 438 689 Πλαγγών,
466 636 496 678 ὦ
524 637 661 690 ἄνδρες
692 638 877 678 δικασταί
898 635 1040 687 (πάντα
1073 639 1150 690 γὰρ
1179 636 1381 689 εἰρήσεται
1401 639 1555 689 τάληθῆ

220 703 317 755 πρὸς
341 702 467 754 ὑμᾶς),
495 706 595 755 μετὰ
627 708 696 745 τοῦ
722 704 975 746 Μενεκλέους
1007 704 1277 757 ἐνεδρεύσασα
1309 704 1378 744 τὸν
1407 704 1557 758 πατέρα

219 787 291 820 μου
319 770 381 810 καὶ
415 769 709 821 ἐξαπατήσασα
745 773 860 825 ὅρκῳ,
896 771 937 812 ὃς
967 770 1159 823 μέγιστος
1192 775 1302 812 δοκεῖ
1333 773 1395 812 καὶ
1429 772 1554 812 δεινό-

220 853 335 879 τατος
365 840 470 890 παρὰ
505 841 629 879 πᾶσιν
660 839 881 890 ἀνθρώποις
911 838 1023 884 εἶναι,
1050 838 1313 891 ὡμολόγησεν
1345 838 1556 891 τριάκοντα
1576 855 1617 877 10

218 906 318 955 μνᾶς
342 909 531 955 λαβοῦσα
558 906 719 947 τούτους
744 908 816 956 μὲν
840 910 923 946 τοῖς
943 906 1059 955 αὑτῆς
1085 907 1279 958 ἀδελφοῖς
1305 905 1554 956 εἰσποιήσειν

218 972 325 1017 υἱεῖς,
366 971 460 1022 αὐτὴ
499 972 553 1019 δέ,
593 971 641 1013 ἂν
667 973 764 1025 πρὸς
799 977 852 1027 τῷ
883 976 1061 1029 διαιτητῇ
1098 975 1343 1025 προκαλῆται
1379 972 1498 1023 αὐτὴν
1535 973 1554 1012 ὁ

219 1038 346 1091 πατήρ
370 1057 445 1090 μου
471 1041 617 1091 ὀμόσαι
644 1039 667 1090 ἦ
697 1039 773 1091 μὴν
802 1039 892 1082 τοὺς
917 1042 1060 1082 παῖδας
1096 1038 1145 1091 ἐξ
1178 1041 1296 1080 αὑτοῦ
1330 1039 1551 1093 γεγονέναι,

220 1106 264 1146 οὐ
298 1105 482 1156 δέξεσθαι
515 1107 588 1157 τὴν
625 1108 863 1160 πρόκλησιν·
922 1107 1072 1147 τούτων
1103 1109 1180 1160 γὰρ
1210 1107 1432 1160 γενομένων
1465 1108 1555 1148 οὔτε

220 1173 380 1216 τούτους
419 1174 772 1227 ἀποστερήσεσθαι
806 1178 876 1226 τῆς
910 1176 1126 1222 πολιτείας,
1160 1179 1213 1231 τῷ
1249 1192 1293 1217 τε
1328 1177 1449 1228 πατρί
1480 1193 1554 1226 μου
1577 1194 1613 1226 15

221 1240 350 1281 οὐκέτι
380 1241 627 1292 δυνήσεσθαι
664 1242 803 1285 αὐτοὺς
832 1242 1045 1295 πράγματα
1077 1241 1279 1296 παρέχειν,
1307 1245 1376 1294 τῆς
1407 1243 1553 1295 μητρὸς

220 1308 348 1348 αὐτῶν
378 1309 422 1349 οὐ
459 1309 676 1360 δεξαμένης
712 1310 780 1350 τὸν
813 1311 942 1362 ὅρκον.
1017 1310 1356 1365 συγχωρηθέντων
1387 1313 1428 1351 δὲ
1460 1311 1549 1350 τού-

220 1392 298 1415 των
368 1377 408 1416 τί
439 1376 488 1417 ἂν
519 1378 609 1427 ὑμῖν
642 1379 955 1430 μακρολογοίην;
1019 1378 1068 1419 ὡς
1105 1380 1181 1431 γὰρ
1219 1377 1315 1430 πρὸς
1352 1377 1419 1418 τὸν
1451 1381 1548 1418 διαι-

220 1442 339 1493 τητὴν
383 1443 625 1495 ἀπήντησεν,
672 1447 893 1496 παραβᾶσα
934 1445 1063 1485 πάντα
1103 1447 1151 1485 τὰ
1195 1444 1482 1497 ὡμολογημένα
1527 1445 1550 1496 ἡ

221 1511 425 1562 Πλαγγὼν
461 1510 626 1564 δέχεταί
662 1528 705 1551 τε
746 1511 817 1561 τὴν
856 1512 1079 1563 πρόκλησιν
1120 1513 1182 1552 καὶ
1220 1514 1386 1563 ὄμνυσιν
1423 1514 1463 1552 ἐν
1497 1515 1551 1566 τῷ
1575 1535 1614 1557 20

223 1577 431 1632 Δελφινίῳ
462 1577 590 1619 ἄλλον
616 1579 732 1631 ὅρκον
767 1579 949 1619 ἐναντίον
978 1583 1031 1634 τῷ
1066 1578 1254 1634 προτέρῳ,
1283 1579 1334 1620 ὡς
1361 1579 1421 1618 καὶ
1445 1580 1552 1629 ὑμῶν

221 1645 258 1683 οἱ
283 1644 428 1684 πολλοὶ
458 1646 611 1686 ἴσασιν·
657 1646 900 1698 περιβόητος
933 1648 1008 1698 γὰρ
1034 1646 1056 1696 ἡ
1084 1644 1223 1699 πρᾶξις
1246 1645 1418 1699 ἐγένετο.
1489 1646 1552 1686 καὶ

221 1711 342 1752 οὕτως
382 1712 402 1751 ὁ
440 1711 569 1764 πατήρ
608 1730 684 1764 μου
728 1714 791 1753 διὰ
830 1712 902 1762 τὴν
939 1716 1077 1753 ἑαυτοῦ
1115 1714 1340 1765 πρόκλησιν
1378 1713 1548 1764 ἀναγκα-

222 1779 331 1820 σθεὶς
352 1780 530 1830 ἐμμεῖναι
550 1785 598 1836 τῇ
618 1781 759 1836 διαίτῃ,
776 1781 842 1820 ἐπὶ
861 1782 934 1830 μὲν
950 1783 1031 1821 τοῖς
1047 1779 1325 1832 γεγενημένοις
1340 1778 1552 1830 ἠγανάκτει

223 1845 283 1884 καὶ
308 1845 464 1898 βαρέως
491 1846 646 1899 ἔφερεν,
676 1848 739 1888 καὶ
766 1848 821 1888 εἷς
852 1847 922 1897 τὴν
948 1849 1073 1887 οἰκίαν
1107 1846 1187 1887 οὐδ’
1212 1847 1265 1889 ὣς
1298 1845 1554 1897 εἰσδέξασθαι
1574 1868 1612 1899 25

220 1911 377 1953 τούτους
403 1912 587 1963 ἠξίωσεν,
617 1916 671 1955 εἰς
701 1916 743 1954 δὲ
774 1914 864 1955 τοὺς
896 1913 1095 1967 φράτερας
1127 1913 1358 1966 ἠναγκάσθη
1390 1914 1552 1966 εἰσαγα-

220 1982 319 2030 γεῖν.
392 1981 453 2020 καὶ
492 1985 631 2022 τοῦτον
673 1984 744 2032 μὲν
783 1981 982 2034 ἐνέγραψε
1020 1982 1206 2027 Βοιωτόν,
1245 1981 1314 2021 τὸν
1349 1980 1383 2020 δ’
1421 1981 1554 2032 ἕτερον

222 2045 454 2098 Πάμφιλον.
528 2049 595 2098 ἐμὲ
623 2048 656 2088 δ’
683 2048 795 2090 εὐθὺς
822 2049 953 2089 ἔπειθε
970 2050 1058 2101 περὶ
1078 2047 1326 2088 ὀκτωκαίδεκ’
1352 2048 1416 2098 ἔτη
1437 2065 1549 2100 γεγε-

222 2112 390 2163 νημένον
415 2114 486 2165 τὴν
513 2115 707 2168 Εὐφήμου
742 2118 863 2168 γῆμαι
898 2116 1103 2169 θυγατέρα,
1131 2117 1378 2167 βουλόμενος
1411 2117 1551 2156 παῖδας

268 2233 279 2252 1
300 2222 392 2256 οὗτος
412 2225 435 2255 S
448 2224 477 2262 Q
491 2225 520 2254 D
538 2237 544 2255 :
570 2228 677 2258 οὑτοσὶ
691 2226 780 2266 vulg.
874 2226 942 2267 μεθ’
958 2229 1054 2259 αὑτοῦ
1067 2227 1224 2258 Bekker:
1242 2229 1401 2266 μεταυτοῦ
1419 2227 1464 2257 S:
1481 2225 1549 2265 μεθ’

221 2268 333 2299 ἑαυτοῦ
350 2268 437 2306 vulg.
588 2281 607 2306 4
631 2283 690 2308 μου
707 2280 772 2300 οῐη,
791 2269 821 2299 Α
924 2270 959 2302 δὲ
975 2281 1039 2301 om.
1058 2271 1088 2300 A
1233 2280 1270 2308 14
1295 2273 1330 2302 οὐ
1347 2270 1488 2310 δέξεσθαι
1507 2269 1549 2300 S:

221 2313 256 2358 οὐ
274 2310 421 2351 δέξασθαι
439 2312 470 2341 Α
488 2323 494 2342 t
518 2314 561 2352 μὴ
577 2312 724 2352 δέξασθαι
743 2313 768 2343 F
782 2313 812 2351 Q
884 2323 922 2352 15
939 2314 1105 2346 πολιτείας
1125 2314 1148 2344 S
1164 2314 1251 2355 F7p.
1267 2313 1371 2355 Q‘yp.,
1388 2313 1428 2344 cf.
1445 2313 1549 2344 Isocr-

220 2363 251 2383 ιν
271 2363 350 2392 ιο5;
377 2355 501 2387 πόλεως
518 2356 606 2393 vulg.
741 2367 780 2395 23
807 2359 921 2388 ἑαυτοῦ
940 2357 963 2387 S
982 2369 988 2387 :
1013 2359 1109 2389 αὑτοῦ
1125 2357 1235 2396 vulg.:
1261 2367 1326 2387 om.
1346 2356 1377 2386 A
1509 2367 1549 2396 27

221 2397 392 2438 ἐνέγραψε]
412 2399 551 2439 ἔγραφεν
571 2400 594 2430 S
779 2401 821 2430 28
847 2401 951 2432 ἔπειθε
970 2401 1081 2438 Blass,
1099 2401 1140 2432 cs.
1160 2401 1220 2430 xix
1237 2410 1299 2438 93:
1327 2401 1435 2432 ἔπεισε
1454 2401 1549 2431 codd.

219 2451 261 2479 29
285 2443 384 2481 γῆμαι
403 2443 559 2483 θυγατέρα
578 2443 621 2475 S:
648 2443 807 2484 θυγατέρα
824 2446 924 2484 ’γῆμαι
942 2444 1032 2481 vulg.
