1685 2772
71 101 183 155 [ἢῆ

141 365 186 398 30

145 628 185 662 31

639 103 1123 142 ΔΗΜΟΣΘΕΝΟΎΣ
1423 96 1542 153 &nx

216 213 285 255 τὸν
312 214 473 255 Μιλύαν
497 213 530 253 δ’
561 214 641 254 οὐδ’
678 215 789 255 ὅστις
817 213 928 254 ἔστιν
963 214 1088 255 οὐδεὶς
1120 212 1216 270 ᾔδει.
1277 212 1487 265 γνώσεσθε
1511 213 1544 253 δ’

218 281 261 322 ἐκ
285 284 363 321 τῶν
389 281 687 333 ἐγκεκλημένων
713 282 773 321 ὅτι
796 280 903 321 ταῦθ’
929 282 1049 322 οὕτως
1070 279 1200 333 ἔχοντ’
1227 280 1353 321 ἐστίν.

284 347 391 400 Ἐγὼ
421 347 509 400 γάρ,
542 347 571 388 ὦ
601 348 740 400 ἄνδρες
769 349 962 395 δικασταί,
989 347 1060 398 τὴν
1097 348 1207 398 δίκην
1239 348 1389 401 ἔλαχον
1420 346 1545 401 τούτῳ

217 417 286 466 τῆς
329 416 541 466 ἐπιτροπῆς
579 415 653 467 οὐχ
690 415 731 455 ἓν
774 416 921 465 τίμημα
957 414 1126 459 συνθείς,
1164 415 1299 466 ὥσπερ
1334 413 1382 454 ἂν
1419 415 1456 454 εἴ
1488 430 1547 455 τις

217 485 484 534 συκοφαντεῖν
522 483 747 535 ἐπιχειρῶν,
775 481 866 522 ἀλλ’
892 482 1061 522 ἕκαστον
1095 480 1303 534 ἐγγράψας
1337 480 1399 521 καὶ
1425 481 1547 521 πόθεν

216 549 359 600 λαβὼν
380 549 441 588 καὶ
467 549 594 589 πόσον
619 552 662 588 τὸ
692 551 845 599 πλῆθος
871 549 933 588 καὶ
957 550 1062 600 παρὰ
1085 552 1166 595 τοῦ,
1195 549 1258 588 καὶ
1286 548 1456 599 οὐδαμοῦ
1479 547 1547 588 τὸν

220 616 380 656 Μιλύαν
399 614 624 667 παρέγραψ’
652 615 702 657 ὡς
729 616 861 656 εἰδότα
879 633 916 655 τι
940 616 1100 656 τούτων.
1161 615 1272 656 ἔστιν
1299 614 1367 655 οὗν
1384 617 1454 654 τοῦ
1475 617 1547 665 μὲν

218 681 464 734 ἐγκλήματος
490 682 592 735 ἀρχή
621 682 731 722 ’τάδ’
761 684 924 734 ἐγκαλεῖ
956 681 1217 732 Δημοσθένης
1241 681 1425 735 Ἀφόβῳ·
1464 681 1549 733 ἔχει

216 768 291 801 μου
329 748 495 802 χρήματ’
515 748 704 800 ’Ἄφοβος
743 748 809 790 ἀπ’
848 751 1062 801 ἐπιτροπῆς
1096 750 1279 802 ἐχόμενα,
1305 746 1549 800 ὀγδοήκοντα

214 819 287 866 μὲν
312 818 423 866 μνᾶς,
450 814 496 865 ἢν
522 816 672 866 ἔλαβεν
699 819 842 868 προῖκα
866 819 935 866 τῆς
967 815 1112 867 μητρὸς
1143 817 1240 855 κατὰ
1263 815 1335 865 τὴν
1360 813 1549 864 διαθήκην

219 886 288 922 τοῦ
316 883 462 934 πατρός
481 882 501 922 ’.
569 887 683 922 τοῦτο
714 884 869 935 πρῶτόν
896 884 1005 922 ἐστιν
1030 887 1109 922 τῶν
1133 882 1345 936 χρημάτων
1370 882 1425 921 ὧν
1451 882 1545 921 ἀπε-

222 949 442 1001 στερῆσθαί
464 954 578 1001 φημι.
645 954 725 991 τοῖς
746 952 788 990 δὲ
804 949 998 1001 μάρτυσιν
1017 951 1058 989 τί
1078 949 1387 1001 μεμαρτύρηται;
1428 950 1438 966 ‘
1453 965 1549 1000 μαρ-

71 1006 191 1062 [854]
221 1019 404 1068 τυροῦσιν
420 1015 715 1068 παραγενέσθαι
731 1020 827 1069 πρὸς
843 1021 895 1071 τῷ
917 1017 1090 1073 διαιτητῇ
1104 1015 1314 1070 Νοθάρχῳ,
1334 1017 1400 1056 ὅτε
1413 1014 1545 1067 ’Άφο-

220 1087 296 1134 βος
326 1083 522 1135 ὡμολόγει
554 1084 711 1124 Μιλύαν
748 1084 958 1135 ἐλεύθερον
996 1084 1107 1130 εἶναι,
1139 1083 1339 1136 ἀφεθέντα
1369 1084 1444 1123 ὑπὸ
1480 1085 1550 1122 τοῦ

146 1159 190 1195 32
223 1149 506 1200 Δημοσθένους
531 1150 703 1202 πατρός.’
776 1155 964 1191 σκοπεῖτε
997 1152 1129 1191 τοίνυν
1153 1150 1244 1202 παρ’
1276 1152 1366 1201 ὑμῖν
1403 1149 1547 1194 αὐτοῖς,

142 1563 187 1599 33

221 1218 258 1257 εἴ
279 1234 337 1258 τις
362 1216 409 1256 ἂν
429 1218 519 1267 ὑμῖν
543 1214 565 1267 ἢ
590 1216 718 1269 ῥήτωρ
744 1214 767 1268 ἢ
795 1219 996 1269 σοφιστὴς
1029 1215 1052 1268 ἦ
1078 1218 1174 1270 γόης
1200 1218 1299 1257 οὕτω
1333 1216 1551 1268 θαυμάσιος

219 1287 329 1324 δοκεῖ
344 1283 531 1336 γενέσθαι
558 1285 619 1324 καὶ
643 1284 778 1336 λέγειν
805 1286 943 1331 δεινός,
964 1285 1058 1325 ὥστ’
1086 1287 1127 1324 ἐκ
1152 1284 1293 1335 ταύτης
1317 1287 1386 1334 τῆς
1404 1300 1548 1335 μαρτυ-

217 1350 304 1403 ρίας
329 1350 480 1401 διδάξαι
500 1351 572 1391 τιν’
599 1352 828 1403 ἀνθρώπων,
849 1352 900 1394 ὡς
921 1352 1005 1405 ἔχει
1024 1352 1096 1401 τὴν
1120 1351 1248 1403 προῖκ’
1266 1350 1458 1403 ’Ἄφοβος
1482 1353 1551 1400 τῆς

217 1417 362 1469 μητρὸς
388 1420 456 1468 τῆς
482 1421 630 1459 ἑαυτοῦ.
695 1419 756 1458 καὶ
782 1420 824 1459 τί
856 1418 998 1471 λέγων,
1027 1416 1056 1458 ὦ
1083 1418 1179 1471 πρὸς
1206 1419 1322 1465 Διός;
1363 1419 1373 1434 ‘
1393 1417 1547 1468 ὡμολό-

219 1502 345 1537 γησεν
375 1485 474 1525 εἶναι
506 1485 666 1525 Μιλύαν
704 1486 931 1537 ἐλεύθερον;
951 1485 961 1500 ’
1000 1487 1063 1526 καὶ
1097 1487 1137 1525 τί
1161 1488 1319 1536 μᾶλλον
1345 1485 1449 1538 ἔχων
1480 1484 1552 1534 τὴν

219 1555 380 1603 προῖκα;
418 1551 529 1592 οὐδὲν
552 1551 599 1591 ἂν
626 1551 749 1602 δήπου
775 1554 837 1592 διὰ
861 1553 978 1592 τοῦτό
1001 1570 1047 1605 γε
1072 1551 1231 1602 δόξειεν.
1297 1553 1404 1591 ἀλλὰ
1431 1552 1552 1591 πόθεν

220 1617 322 1658 τοῦτ’
347 1620 575 1672 ἐπεδείχθη;
615 1622 770 1670 πρῶτον
802 1622 874 1670 μὲν
901 1621 1154 1671 Θηριππίδης
1181 1619 1233 1659 ὢν
1259 1618 1360 1673 αὐτῷ
1387 1618 1548 1658 συνεπί-

221 1702 365 1737 τροπος
391 1686 709 1738 κατεμαρτύρησε
735 1689 881 1726 δοῦναι·
922 1688 1102 1738 δεύτερον
1127 1689 1169 1726 δὲ
1196 1686 1344 1737 Δήμων
1369 1687 1473 1726 θεῖος
1498 1683 1552 1724 ὢν

221 1752 284 1792 καὶ
319 1755 397 1792 τῶν
432 1752 569 1792 ἄλλων
599 1755 635 1793 οἱ
673 1754 863 1805 παρόντες
895 1754 1168 1806 ἐμαρτύρησαν
1206 1757 1319 1793 σῖτον
1353 1758 1400 1809 τῇ
1435 1751 1550 1803 μητρὶ

220 1819 364 1859 δώσειν
380 1820 591 1871 ὁμολογεῖν
607 1823 746 1860 τοῦτον
767 1821 817 1863 ὡς
842 1821 987 1875 ἔχοντα
1011 1821 1083 1871 τὴν
1108 1824 1260 1872 προῖκα.
1321 1820 1383 1859 καὶ
1398 1819 1551 1859 τούτοις

221 1885 289 1926 οὐκ
314 1887 587 1939 ἐπεσκήψατο,
617 1890 739 1938 δῆλον
770 1889 832 1928 ὅτι
863 1890 1016 1939 τάληθῆ
1050 1887 1391 1940 μεμαρτυρηκότας
1424 1885 1549 1926 εἰδώς.

265 2006 327 2036 3›4
351 1998 412 2035 Τὴν
429 2002 462 2027 Εἴ
477 2001 534 2036 Τῆς
553 2009 617 2029 om,
637 1997 667 2028 A
779 2009 798 2036 4
824 2000 981 2030 συντιθεὶς
995 1998 1019 2028 S
1110 2000 1216 2039 ὥσπερ
1233 1999 1271 2029 ἂν
1288 2000 1318 2028 εἴ
1330 2010 1379 2029 τις
1397 1996 1421 2027 S
1438 1995 1527 2034 vulg.
1543 2007 1550 2026 t

222 2041 329 2081 ὥσπερ
347 2042 383 2072 ἅν
401 2055 449 2073 τις
466 2041 497 2070 Α
611 2043 631 2071 6
654 2041 737 2079 παρά
754 2056 810 2073 του
830 2043 909 2081 (Sic)
931 2043 954 2072 S
1075 2052 1091 2080 7
1117 2043 1325 2082 προσέγραψα
1340 2040 1371 2069 Α
1461 2039 1552 2070 ἔστιν

223 2084 279 2115 οὖν
296 2084 319 2114 S
334 2084 389 2114 A:
415 2085 486 2116 ἔστι
502 2084 562 2124 μὲν
578 2085 632 2116 οὖν
651 2085 675 2115 F
688 2084 717 2114 D
883 2096 903 2123 9
927 2084 1004 2125 ἀπὸ]
1024 2087 1081 2116 ὑπὸ
1099 2085 1122 2114 S
1137 2085 1160 2114 F
1332 2094 1369 2114 12
1393 2083 1425 2114 τί
1442 2093 1505 2113 om.
1526 2082 1550 2112 S

228 2137 267 2165 14
292 2133 332 2159 M.
351 2128 437 2165 vulg.
455 2139 462 2157 z
486 2129 542 2159 τὸν
560 2134 602 2160 Μ.
623 2128 645 2158 S
782 2129 820 2157 16
843 2129 862 2166 ἢ
875 2133 953 2158 ante
970 2128 1049 2169 γόης
1067 2129 1129 2158 del.
1150 2128 1284 2158 Dobree
1430 2136 1469 2165 19
1491 2128 1549 2163 τῆς

226 2171 356 2211 ἑαυτοῦ]
375 2172 433 2208 τῆς
452 2174 527 2210 ἐμῆς
547 2172 575 2200 D
592 2172 614 2202 S
626 2185 675 2212 γρ.
691 2172 775 2212 F7p.
950 2172 973 2202 ὦ
992 2173 1069 2212 πρὸς
1085 2173 1143 2203 τοῦ
1161 2171 1236 2204 Διός
1254 2171 1278 2200 F
1291 2170 1330 2208 D,
1350 2174 1441 2200 recte
1459 2169 1548 2204 fort„

225 2214 265 2244 cf.
300 2214 334 2244 ix
368 2224 416 2252 15,
450 2215 505 2244 xiv
541 2225 577 2245 12
770 2215 983 2255 ὡμολόγησας
1017 2221 1066 2248 (εν
1097 2216 1196 2253 sscr.)
1232 2214 1275 2245 F:
1317 2215 1486 2253 ὁμολογεῖς
1518 2211 1549 2241 Α

226 2268 268 2287 20
292 2258 377 2298 ἔχων
395 2257 430 2287 S¹
448 2270 454 2287 :
481 2258 546 2297 ἔχω
564 2258 650 2296 vulg.
831 2268 871 2287 22
895 2257 986 2289 ταῦτ’
1006 2258 1134 2297 ἐδείχθη
1151 2258 1181 2288 Α
1359 2266 1399 2295 25
1425 2258 1464 2288 ὡς
1481 2265 1546 2286 om·

227 2300 263 2332 S¹
422 2303 463 2330 26
487 2302 612 2339 τάληθῆ
629 2301 912 2342 μεμαρτυρηκότας
929 2301 1029 2341 vulg„
1048 2301 1090 2332 cf.
1111 2303 1126 2337 ξ
1145 2311 1207 2340 25:
1232 2303 1271 2333 ὡς
1288 2302 1414 2338 τάληθῆ
1430 2312 1549 2340 μεμαρ-

226 2343 358 2386 τύρηται
379 2344 401 2374 S
419 2344 504 2385 pr.

1571 833 1610 854 10

1573 1166 1609 1198 15

1573 1499 1612 1520 20
