1685 2772
62 139 183 194 [840]

141 599 181 635 17

69 786 182 842 [841]

139 1331 180 1364 18

139 2007 181 2043 19

644 142 1130 181 ΔΗΜΟΣΘΕΝΟΎΣ
1397 138 1550 193 [xxvm

218 251 435 303 ἀνθρώπων
461 253 729 294 ἀνοσιώτατος
754 252 895 293 οὐδένα
918 254 1041 305 λόγον
1067 251 1297 303 ἐποιήσατο,
1320 252 1448 305 κύριος
1471 257 1551 294 τῶν

217 319 321 369 ἐμῶν
357 320 569 371 γενόμενος
606 321 670 361 ἐπὶ
707 320 871 366 τούτοις,
908 320 1016 360 ἀλλὰ
1051 321 1099 360 τὰ
1134 318 1316 373 χρήματά
1351 337 1401 371 με
1435 320 1549 362 πάντ’

216 385 496 438 ἀπεστερηκὼς
537 388 638 438 μετὰ
678 391 757 427 τῶν
793 387 1105 439 συνεπιτρόπων,
1145 388 1344 427 ἐλεεῖσθαι
1379 390 1447 428 νῦν
1482 387 1550 439 ὑφ’

214 452 322 503 ὑμῶν
359 451 535 503 ἀξιώσει,
575 458 684 505 μνῶν
721 454 802 495 οὐδ’
846 453 1107 505 ἑβδομήκοντ’
1142 452 1233 504 ἄξια
1267 455 1398 506 τρίτος
1433 453 1550 496 αὐτὸς

215 519 484 567 ἀποδεδωκώς,
509 521 593 562 εἶτα
620 521 681 562 καὶ
708 521 860 564 τούτοις
886 521 1017 564 αὐτοῖς
1041 520 1162 562 πάλιν
1189 521 1547 572 ἐπιβεβουλευκώς.

215 585 267 628 ὡς
304 588 378 639 γὰρ
417 590 487 630 τὰς
531 589 639 631 δίκας
679 589 822 630 ταύτας
865 589 1035 640 ἔμελλον
1075 587 1242 629 εἰσιέναι
1284 588 1367 629 κατ’
1407 588 1548 635 αὐτῶν,

214 653 416 694 ἀντίδοσιν
454 655 514 695 ἐπ’
551 657 619 706 ἐμὲ
654 656 974 707 παρεσκεύασαν,
1003 655 1052 696 ἵν’
1078 657 1110 696 εἶ
1144 657 1217 707 μὲν
1254 656 1465 707 ἀντιδοίην,
1495 655 1548 707 μὴ

214 718 317 771 ἐξείη
342 738 410 772 μοι
435 722 531 774 πρὸς
559 722 698 765 αὐτοὺς
725 723 947 768 ἀντιδικεῖν,
976 722 1027 765 ὡς
1053 723 1115 762 καὶ
1151 726 1228 762 τῶν
1257 725 1374 763 δικῶν
1403 723 1548 764 τούτων

212 790 282 827 τοῦ
307 788 534 831 ἀντιδόντος
559 789 822 841 γιγνομένων,
851 791 884 830 εἰ
911 792 952 830 δὲ
975 792 1096 841 μηδὲν
1126 789 1275 830 τούτων
1304 790 1472 840 ποιοίην,
1499 789 1548 830 ἵν’

213 854 256 894 ἐκ
294 857 490 908 βραχείας
529 856 667 898 οὐσίας
707 861 939 913 λῃτουργῶν
988 855 1241 897 παντάπασιν
1289 856 1545 909 ἀναιρεθείην.

214 920 277 961 καὶ
317 922 419 961 τοῦτ’
446 923 577 965 αὐτοῖς
617 923 845 975 ὑπηρέτησε
881 923 1151 977 Θρασύλοχος
1189 924 1209 962 ὁ
1243 923 1546 976 Ἀναγυράσιος·

212 985 241 1043 ᾧ
262 988 411 1029 τούτων
435 989 547 1030 οὐδὲν
574 991 807 1042 ἐνθυμηθεὶς
835 989 1037 1031 ἀντέδωκα
1066 989 1151 1041 μέν,
1187 990 1406 1031 ἀπέκλεισα
1438 990 1471 1030 δ’
1497 990 1547 1032 ὡς

213 1057 459 1098 διαδικασίας
483 1056 731 1108 τευξόμενος·
772 1057 817 1097 οὐ
854 1058 985 1110 τυχὼν
1019 1059 1061 1098 δὲ
1098 1057 1252 1108 ταύτης,
1279 1061 1356 1098 τῶν
1391 1057 1548 1111 χρόνων

211 1122 394 1174 ὑπογύων
423 1125 560 1170 ὄντων,
589 1125 654 1165 ἵνα
682 1124 734 1176 μὴ
775 1127 954 1176 στερηθῶ
989 1128 1067 1165 τῶν
1097 1127 1227 1171 δικῶν,
1255 1123 1448 1165 ἀπέτεισα
1475 1123 1548 1176 τὴν

211 1192 451 1245 λῃτουργίαν
487 1192 647 1233 ὑποθεὶς
682 1191 754 1242 τὴν
785 1193 912 1232 οἰκίαν
948 1192 1010 1232 καὶ
1041 1192 1238 1243 τάμαυτοῦ
1274 1191 1414 1239 πάντα,
1447 1195 1545 1244 βου-

211 1257 379 1307 λόμενος
406 1260 460 1300 εἰς
484 1259 583 1310 ὑμᾶς
608 1260 808 1300 εἰσελθεῖν
833 1261 902 1301 τὰς
929 1258 1025 1311 πρὸς
1049 1258 1232 1300 τουτουσὶ
1256 1260 1374 1300 δίκας.

273 1323 362 1377 '’'Ap'
387 1325 431 1365 οὐ
459 1325 617 1379 μεγάλα
644 1328 718 1377 μὲν
751 1324 797 1376 ἐξ
829 1327 954 1380 ἀρχῆς
983 1326 1182 1377 ἠδίκημαι,
1216 1325 1372 1378 μεγάλα
1405 1324 1450 1372 δ’,
1486 1326 1547 1367 ὅτι

213 1392 324 1442 δίκην
359 1392 455 1443 ζητῶ
488 1396 648 1443 λαβεῖν,
681 1396 749 1434 νῦν
782 1392 846 1433 ὑπ’
876 1393 1004 1433 αὐτῶν
1039 1392 1292 1444 βλάπτομαι,·
1329 1393 1387 1435 τίς
1419 1391 1452 1433 δ’
1477 1393 1546 1434 οὐκ

213 1458 261 1499 ἂν
285 1459 393 1510 ὑμῶν
425 1460 549 1515 τούτῳ
577 1463 651 1511 μὲν
683 1459 900 1513 φθονήσειε
934 1461 1104 1506 δικαίως,
1132 1460 1234 1511 ἡμᾶς
1268 1459 1301 1500 δ’
1327 1459 1544 1511 ἐλεήσειεν,

213 1527 313 1577 ὁρῶν
341 1529 394 1580 τῷ
424 1529 496 1577 μὲν
525 1526 622 1579 πρὸς
654 1532 702 1584 τῇ
732 1527 850 1581 οὐσίᾳ
880 1533 927 1584 τῇ
962 1528 1230 1583 παραδοθείσῃ
1264 1530 1380 1568 πλεῖν
1404 1523 1428 1577 ἢ
1453 1526 1546 1567 δέκα

212 1591 417 1634 ταλάντων
442 1593 512 1643 τὴν
538 1594 635 1645 ἐμὴν
659 1595 859 1644 τοσαύτην
884 1594 1008 1634 οὖσαν
1033 1593 1418 1646 προσγεγενημένην,
1444 1593 1546 1645 ἡμᾶς

212 1662 254 1701 δὲ
290 1659 342 1710 μὴ
381 1661 504 1711 μόνον
542 1665 619 1701 τῶν
657 1660 845 1716 πατρῴων
878 1662 1201 1713 διημαρτηκότας,
1234 1662 1339 1702 ἀλλὰ
1369 1661 1432 1702 καὶ
1467 1664 1545 1702 τῶν

212 1729 279 1766 νῦν
304 1727 604 1779 παραδοθέντων
630 1730 693 1768 διὰ
712 1727 784 1778 τὴν
803 1728 953 1769 τούτων
969 1730 1161 1781 πονηρίαν
1181 1727 1542 1780 ἀπεστερημένους;

210 1797 282 1833 ποῖ
310 1793 344 1834 δ’
376 1794 424 1834 ἂν
461 1796 716 1846 τραποίμεθα,
750 1797 787 1836 εἴ
820 1813 858 1836 τι
893 1795 996 1835 ἄλλο
1033 1795 1284 1849 ψηφίσαισθ’
1311 1796 1419 1846 ὑμεῖς
1455 1795 1544 1848 περὶ

211 1859 356 1907 αὐτῶν,·
395 1862 521 1916 eis-r&
545 1863 783 1913 ὑποκείμενα
808 1866 889 1904 τοῖς
920 1864 1174 1910 δανείσασιν;
1213 1864 1320 1903 ἀλλὰ
1343 1866 1422 1903 τῶν
1445 1863 1540 1903 ὑπο-

211 1926 385 1978 θεμένων
415 1929 540 1969 ἐστίν.
612 1929 705 1970 ἀλλ’
732 1931 787 1972 εἰς
815 1931 865 1971 τὰ
893 1929 1064 1982 περιόντ’
1090 1930 1237 1978 αὐτῶν;
1274 1930 1381 1970 ἀλλὰ
1405 1929 1542 1970 τούτου

1515 1993 1536 2010 Φ

211 1995 400 2046 γίγνεται,
449 1994 521 2046 τὴν
568 1997 798 2047 ἐπωβελίαν
853 1998 923 2038 ἐὰν
971 1999 1174 2049 ὄφλωμεν.
1265 2000 1463 2048 μηδαμῶς,
1511 2014 1541 2035 ω

258 2124 271 2145 Ι
299 2115 412 2148 οὐδένα
431 2116 535 2157 λόγον
556 2118 732 2155 ἐποιήσατο
759 2118 782 2149 S
798 2127 804 2147 τ
840 2118 967 2150 οὐδενὸς
984 2118 1085 2159 λόγον
1103 2117 1219 2150 δέδωκε
1239 2117 1370 2157 (ἔδωκεν
1385 2116 1433 2153 Α)
1451 2116 1540 2156 vulg.

212 2168 232 2188 2
255 2172 295 2198 με
316 2159 339 2190 S
356 2169 443 2190 corr.
462 2160 494 2190 A
512 2171 518 2189 ἲ
542 2160 602 2200 μὲν
616 2160 654 2192 Sl
671 2173 678 2192 z
703 2171 766 2192 om.
788 2161 813 2191 F
881 2170 900 2200 5
926 2163 1033 2194 αὐτοῖς
1053 2161 1204 2191 ReiSke:
1229 2162 1323 2193 αὐτὸς
1340 2160 1407 2191 SA
1420 2160 1446 2190 F
1520 2162 1542 2191 6

212 2201 283 2234 κατ’
299 2204 404 2235 αὐτῶν
422 2216 493 2235 αντι
510 2204 544 2233 in
563 2214 627 2236 ras.
646 2205 679 2234 iv
695 2204 756 2236 litt.
773 2204 806 2235 in
825 2204 849 2235 S
866 2215 872 2241 ;
897 2203 968 2236 κατ’
986 2206 1089 2237 αὐτῶν
1105 2205 1213 2244 primo
1231 2205 1391 2235 omissum
1407 2204 1542 2235 videtur

212 2255 230 2284 7
256 2246 418 2284 ἀντιδοίην
435 2247 621 2279 Schaefer:
645 2247 800 2289 ἀντιδῴην
818 2248 915 2279 codd.
1049 2258 1070 2287 9
1093 2247 1309 2280 ἀντιδιδόντος
1324 2246 1356 2277 Α
1500 2257 1540 2277 12

211 2286 235 2329 ᾧ
254 2288 297 2320 S:
324 2290 387 2330 ἐγὼ
407 2289 443 2321 δὲ
459 2296 538 2321 cett.
636 2292 675 2321 16
700 2294 805 2323 ἐλθεῖν
823 2291 849 2321 F
943 2292 982 2322 18
1006 2292 1098 2329 δίκην
1117 2290 1201 2330 ζητῶ
1218 2289 1311 2323 Sle
1330 2290 1432 2331 ζητῶν
1449 2291 1540 2329 δίκην

209 2331 241 2361 Α
255 2343 262 2362 :
287 2332 380 2371 δίκην
401 2333 501 2373 ζητῶν
516 2335 540 2365 S
553 2345 636 2366 corr.
652 2345 694 2366 m.
710 2340 778 2366 ant.
869 2345 910 2365 20
933 2337 975 2377 τῇ
993 2335 1084 2376 οὐσίᾳ
1097 2344 1141 2366 ex
1150 2335 1212 2373 τὴν
1224 2334 1336 2366 οὐσίαν
1352 2333 1377 2365 S
1443 2336 1540 2366 πλεῖν

212 2375 313 2407 Dind.
333 2387 340 2406 τ
364 2380 479 2409 πλεῖον
495 2379 592 2409 codd.
728 2388 769 2408 22
793 2379 836 2418 μὴ
854 2379 953 2418 μόνον
969 2389 1034 2410 om.
1054 2378 1092 2410 S1
1227 2388 1267 2416 24
1290 2378 1473 2419 ψηφίσεσθε
1492 2376 1538 2407 F:

210 2421 397 2460 ψηφίσησθε
416 2421 447 2451 Α
583 2432 622 2459 27
647 2424 798 2462 μηδαμῶς
813 2424 963 2462 μηδαμῶς
984 2422 1009 2452 F

1569 538 1587 570 5

1572 871 1610 893 10

1568 1206 1606 1239 15

1567 1540 1606 1562 20

1564 1879 1602 1911 25
