1685 2772
115 146 236 201 [902]

191 953 230 987 31

191 1288 235 1323 32

109 1466 236 1522 [903]

192 1685 234 1719 33

195 2087 239 2122 34

668 151 1209 207 [ΔΗΜΟΣΘΕΝΟΎΣ]
1445 152 1603 209 [xxxm

265 266 378 307 οὗτος
399 267 461 306 καὶ
488 267 507 305 6
527 266 761 318 Παρμένων,
780 266 832 309 ὡς
851 267 1003 319 ἀκύρων
1022 269 1148 308 ὄντων
1165 266 1296 309 αὐτοῖς
1314 272 1392 308 τῶν
1413 269 1603 320 πρότερον

266 332 596 385 ὡμολογημένων.
649 333 775 373 καίτοι
799 334 918 374 ὁπότε
941 335 1030 386 περὶ
1060 337 1129 385 τῆς
1157 334 1388 385 μελλούσης
1417 336 1605 387 γνώσεως

266 399 509 452 γενήσεσθαι
530 400 664 453 ἑτέρας
685 402 909 454 ἐνεχείρουν
931 400 1130 451 συνθήκας
1149 400 1392 454 γράφεσθαι,
1411 401 1543 452 ἐπειδὴ
1565 404 1604 442 αἱ

265 466 517 520 ὑπάρχουσαι
550 468 774 515 ἀπώλοντο,
801 472 883 510 πῶς
917 470 1008 518 ἐνῆν
1041 468 1094 519 μὴ
1128 472 1362 521 γραφεισῶν
1400 472 1604 519 συνθηκῶν

266 533 410 585 ἑτέρων
436 531 458 584 ἦ
485 535 638 575 δίαιταν
664 534 853 587 γενέσθαι
878 531 901 585 ἢ
929 535 1094 588 ἐγγύην;
1125 536 1215 586 περὶ
1235 536 1354 576 αὐτοῦ
1370 538 1446 589 γὰρ
1465 535 1607 576 τούτου
1624 549 1642 580 5

265 600 534 654 διενεχθέντες
559 601 627 641 οὐκ
655 601 837 655 ἔγραψαν
863 602 978 654 ἕτερα
1001 601 1225 655 γράμματα,
1254 604 1274 642 ὁ
1297 604 1370 654 μὲν
1395 602 1515 654 ἀξιῶν
1536 603 1604 644 ἕνα

266 667 466 718 διαιτητὴν
492 669 594 723 αὐτῷ
622 668 735 715 εἶναι,
764 670 783 708 6
810 671 851 709 δὲ
875 673 990 721 τρεῖς.
1049 670 1168 710 ὁπότε
1192 672 1235 710 δὲ
1261 671 1300 710 αἱ
1320 672 1393 721 μὲν
1419 669 1465 721 ἐξ
1479 671 1605 723 ἀρχῆς

267 737 458 785 συνθῆκαι
483 735 784 788 ἠφανίσθησαν,
813 736 897 776 καθ’
923 737 968 778 ἃς
993 735 1062 787 ἐμέ
1089 742 1218 789 φησιν
1246 736 1436 790 γενέσθαι
1461 739 1601 790 ἐγγυη-

266 801 349 852 τήν,
379 803 508 854 ἕτεραι
533 805 575 843 δὲ
600 802 652 854 μὴ
681 803 932 856 ἐγράφησαν,
951 807 1034 845 πῶς
1059 804 1182 855 ὀρθῶς
1207 803 1256 845 ἂν
1283 805 1367 856 ἐμοὶ
1394 804 1602 855 δικάζοιτο,

267 868 351 909 καθ’
376 869 420 908 οὗ
445 869 496 920 μὴ
523 869 608 924 ἔχει
634 869 920 922 παρασχέσθαι
951 869 1167 921 συνθήκας;
1628 884 1667 906 ¹0

334 935 466 976 Ἀλλὰ
483 936 561 987 μὴν
580 937 642 977 καὶ
663 937 714 979 ὡς
736 938 979 990 ἀπηγόρευεν
1000 939 1020 977 ὁ
1040 937 1263 990 Παρμένων
1281 942 1334 993 τῷ
1354 938 1609 991 Ἀριστοκλεῖ

268 1002 352 1043 καθ’
379 1004 497 1043 αὑτοῦ
520 1004 573 1055 μὴ
600 1005 844 1057 γιγνώσκειν
868 1004 961 1045 ἄνευ
984 1008 1062 1045 τῶν
1088 1007 1387 1056 συνδιαιτητῶν,
1407 1005 1602 1057 μεμαρτύ-

265 1087 378 1122 ρηται
398 1072 500 1121 ὑμῖν.
545 1072 640 1112 ὅταν
657 1071 702 1122 δὴ
726 1072 746 1110 6
767 1071 880 1112 αὐτὸς
896 1071 1100 1124 ἠφανικὼς
1121 1073 1311 1123 φαίνηται
1330 1074 1378 1111 τὰ
1396 1072 1606 1124 γράμματα

267 1136 351 1177 καθ’
371 1137 395 1178 ἂ
420 1137 498 1178 ἔδει
522 1138 594 1188 τὴν
614 1139 768 1179 δίαιταν
795 1137 997 1191 γενέσθαι,
1021 1138 1084 1178 καὶ
1104 1137 1197 1180 ἄνευ
1221 1142 1299 1179 τῶν
1319 1142 1606 1189 συνδιαιτητῶν

265 1206 370 1257 παρὰ
408 1204 479 1254 τὴν
517 1205 740 1258 ἀπόρρησιν
781 1211 839 1262 φῇ
879 1205 1162 1261 δεδιῃτηκέναι,
1200 1209 1283 1248 πῶς
1316 1205 1364 1246 ἂν
1395 1206 1519 1260 τούτῳ
1553 1208 1605 1259 τῷ
1630 1223 1667 1254 15

266 1271 459 1326 ἀνθρώπῳ
490 1272 779 1314 πιστεύσαντες
810 1273 966 1314 δικαίως
997 1273 1065 1323 ἐμὲ
1096 1272 1359 1320 ἀπολέσαιτε,·
1395 1271 1607 1325 σκέψασθε

266 1340 341 1390 γὰρ
377 1343 505 1385 τοῦτο,
533 1336 562 1379 ὦ
599 1338 735 1392 ἄνδρες
774 1340 971 1379 δικασταί·
1012 1340 1045 1379 εἰ
1081 1339 1133 1390 μὴ
1165 1340 1233 1390 ἐμὲ
1267 1340 1364 1385 νυνί,
1398 1340 1506 1379 ἀλλὰ
1538 1339 1606 1380 τὸν

268 1405 530 1457 Παρμένοντα
567 1406 726 1447 ἐδίωκεν
762 1406 1025 1459 Ἀπατούριος
1063 1406 1212 1452 οὑτοσί,
1251 1405 1499 1458 εἰσπράττων
1537 1407 1607 1448 τὰς

267 1474 395 1512 εἴκοσι
424 1476 536 1523 μνᾶς,
569 1473 869 1526 ἰσχυριζόμενος
903 1478 950 1529 τῇ
981 1472 1286 1524 Ἀριστοκλέους
1315 1473 1475 1526 γνώσει,
1511 1474 1531 1512 ὁ
1563 1474 1606 1512 δὲ

268 1539 487 1590 Παρμένων
513 1541 647 1592 παρὼν
673 1541 910 1592 ἀπελογεῖτο
936 1541 1027 1590 ὑμῖν
1060 1539 1122 1580 καὶ
1151 1539 1347 1592 μάρτυρας
1378 1541 1603 1593 παρείχετο,
1628 1558 1668 1579 20

265 1609 380 1646 τοῦτο
399 1609 471 1657 μὲν
487 1608 548 1647 ὅτι
563 1607 607 1647 οὐ
622 1608 729 1661 μόνῳ
747 1607 800 1662 τῷ
818 1607 1085 1659 Ἀριστοκλεῖ,
1107 1607 1214 1647 ἀλλὰ
1233 1608 1349 1661 τρίτῳ
1370 1606 1603 1659 ἐπέτρεψεν,

268 1672 338 1712 εἶθ’
372 1674 432 1713 ὅτι
466 1674 633 1715 ἀπεῖπεν
666 1675 770 1729 αὐτῷ
804 1673 896 1714 ἄνευ
931 1678 1008 1714 τῶν
1045 1676 1332 1724 συνδιαιτητῶν
1368 1673 1451 1713 καθ’
1488 1675 1606 1713 αὑτοῦ

267 1739 319 1790 μὴ
345 1740 654 1792 ἀποφαίνεσθαι,
678 1742 739 1781 καὶ
764 1741 825 1781 ὅτι
855 1739 1108 1791 ἀπολομένης
1133 1741 1235 1795 αὐτῷ
1251 1743 1320 1791 τῆς
1340 1740 1523 1793 γυναικὸς
1543 1740 1606 1780 καὶ

268 1810 345 1847 τῶν
371 1808 520 1848 παίδων
544 1808 619 1848 ὑπὸ
647 1812 715 1848 τοῦ
745 1811 917 1859 σεισμοῦ
948 1809 1010 1848 καὶ
1040 1809 1102 1848 ἐπὶ
1128 1807 1368 1858 τηλικαύτην
1395 1808 1606 1860 συμφορὰν

269 1873 493 1926 ἀπάραντος
513 1876 657 1921 οἴκαδε,
677 1876 696 1914 ὁ
713 1876 782 1917 τὰς
810 1873 1008 1925 συνθήκας
1035 1875 1239 1927 ἠφανικὼς
1260 1874 1405 1926 ἐρήμην
1427 1875 1544 1914 αὑτοῦ
1564 1875 1606 1914 ἐν
1627 1890 1665 1922 25

268 1941 314 1996 τῇ
341 1942 539 1995 ἀποδημίᾳ
559 1941 733 1994 κατέγνω
754 1941 827 1991 τὴν
850 1942 1016 1988 δίαιταν,
1040 1942 1151 1982 ἔστιν
1172 1943 1284 1984 ὅστις
1299 1940 1346 1981 ἂν
1363 1943 1471 1992 ὑμῶν
1486 1944 1606 1981 ταῦτα

269 2011 337 2047 τοῦ
357 2008 639 2059 Παρμένοντος
664 2008 991 2061 ἀπολογουμένου
1015 2008 1086 2059 τὴν
1113 2010 1212 2049 οὕτω
1240 2009 1476 2060 παρανόμως
1501 2024 1600 2059 γνω-

270 2077 438 2114 σθεῖσαν
457 2076 608 2115 ὃίαιταν
631 2076 764 2127 κυρίαν
785 2075 887 2128 ἔγνω
908 2075 1026 2123 εἶναι,·
1060 2075 1112 2127 μὴ
1141 2077 1216 2127 γὰρ
1236 2077 1296 2115 ὅτι
1320 2076 1600 2127 ἀμφισβητου-

268 2140 398 2191 μένων
420 2141 617 2188 ἃπάντων,
642 2142 734 2182 ἀλλ’
758 2144 791 2183 εἰ
809 2143 912 2193 ἦσαν
927 2145 999 2193 μὲν
1018 2144 1058 2183 αἱ
1081 2144 1285 2192 συνθῆκαι,
1303 2141 1546 2193 ὡμολογεῖτο
1561 2142 1603 2191 δὲ

319 2261 331 2280 1
359 2254 466 2284 αὐτοῖς
485 2252 586 2284 ὄντων
604 2251 635 2282 Α
740 2252 900 2294 προτέρων
919 2251 942 2283 S
1112 2261 1132 2291 3
1155 2251 1352 2293 ’γενήσεσθαι
1370 2261 1435 2281 om.
1456 2250 1523 2289 FQ
1539 2261 1546 2281 :
1569 2263 1601 2291 γ.

272 2295 382 2336 ἑτέρας
395 2305 459 2326 om.
476 2295 505 2325 D
603 2295 784 2337 ’γράφεσθαι
801 2306 865 2326 om.
879 2295 909 2325 A
1006 2306 1025 2334 4
1051 2298 1115 2328 πῶς
1127 2298 1203 2334 ἐνῆν
1211 2296 1255 2335 μὴ
1266 2319 1273 2326 .
1288 2319 1295 2326 .
1310 2318 1318 2325 .
1333 2293 1465 2336 ἑτέρων]
1482 2298 1547 2326 πῶς
1558 2295 1602 2332 μὴ

297 2363 303 2369 .
317 2362 324 2369 .
347 2338 465 2380 ἑτέρων
483 2338 650 2379 ἐνδέχεται
669 2339 698 2369 Α
867 2349 905 2377 13
930 2341 968 2378 δὴ
987 2342 1003 2371 ὁ
1024 2340 1119 2371 αὐτὸς
1141 2339 1186 2370 S:
1219 2339 1246 2370 δ’
1269 2338 1429 2371 αὐτὸςΑῐ
1454 2337 1488 2370 δὲ
1511 2337 1600 2375 vulg.

274 2383 313 2412 16
337 2381 516 2414 ἀπολέσετε
534 2382 558 2413 S
678 2392 717 2412 21
745 2382 810 2424 ὅτι]
828 2385 868 2415 ὡς
885 2382 916 2413 Α
1038 2393 1078 2422 25
1103 2383 1292 2424 ἀπαίροντος
1310 2383 1339 2412 Α
1460 2382 1501 2411 28
1526 2385 1602 2422 post

272 2426 320 2457 ὅτι
338 2426 412 2456 add.
430 2439 469 2467 ’γε
488 2425 575 2465 vulg.
595 2438 602 2457 z
627 2436 690 2457 om.
711 2425 777 2457 SA
909 2437 952 2467 29
976 2426 1170 2469 ὡμολόγητο
1186 2425 1217 2456 Α
