1685 2772
67 103 183 161 [937]

142 375 187 410 39

140 781 188 815 40

61 1228 185 1285 [938]

142 1313 183 1345 41

143 1782 188 1816 42

622 110 1140 167 [ΔΗΜΟΣΘΕΝΟΎΣ]
1421 110 1551 165 [xxxv

216 227 495 279 γιγνώσκομεν
531 226 613 266 οὔθ’
644 226 860 278 ἑοράκαμεν
892 226 1065 271 πώποτε,
1094 221 1118 276 ἢ
1148 225 1554 278 ἀντιφορτισαμένους

220 293 381 344 κομίσαι
411 292 605 343 Ἀθήναζε
645 294 708 334 καὶ
741 294 895 345 φανερὰ
934 295 1098 343 ποιῆσαι
1137 292 1230 343 ἡμῖν
1267 292 1329 333 καὶ
1367 291 1554 344 ἀνέπαφα

218 360 427 414 παρέχειν,·
470 360 493 411 ἡ
520 362 593 411 μὲν
625 362 700 413 γὰρ
732 359 946 412 συγγραφὴ
981 359 1094 400 οὐδὲν
1128 360 1359 412 κυριώτερον
1385 361 1430 414 ἐᾷ
1454 358 1554 399 εἶναι

217 431 295 468 τῶν
343 426 687 480 ἐγγεγραμμένων,
737 427 826 467 οὐδὲ
874 425 1120 479 προσφέρειν
1161 427 1251 467 οὔτε
1297 427 1419 477 νόμον
1465 426 1554 467 οὔτε

464 494 564 509 ³17⁵(

216 493 413 547 ψήφισμα
437 512 505 534 ουτ
544 494 635 534 αλλ’
654 493 736 534 οὐδ’
757 494 888 534 ὁτιοῦν
904 494 1001 546 πρὸς
1020 493 1092 544 τὴν
1112 492 1363 546 συγγραφήν·
1401 494 1555 534 τούτοις
1575 512 1592 542 5

218 561 249 601 δ’
284 561 395 603 εὐθὺς
429 560 475 612 ἐξ
504 562 626 614 ἀρχῆς
661 561 773 601 οὐδὲν
810 560 983 612 ἐμέλησε
1020 562 1088 610 τῆς
1126 562 1363 612 συγγραφῆς
1398 560 1553 610 ταύτης,

217 629 325 668 ἀλλὰ
360 632 442 670 τοῖς
477 627 680 682 χρήμασιν
718 629 892 680 ἐχρῶντο
929 631 1010 669 τοῖς
1045 626 1249 679 ἡμετέροις
1278 628 1414 679 ὥσπερ
1444 628 1556 668 ἰδίοις

218 696 332 735 οὖσιν
374 696 514 735 αὐτῶν·
552 696 672 736 οὕτως
716 695 819 734 εἰσὶν
862 694 968 734 οὗτοι
1011 697 1221 746 κακοῦργοι
1259 694 1456 746 σοφισταὶ
1493 695 1556 734 καὶ

218 761 344 802 ἄδικοι
369 762 578 814 ἄνθρωποι.
650 763 728 814 ἐγὼ
754 761 808 807 δέ,
835 763 890 812 μὰ
914 760 984 802 τὸν
1010 762 1090 801 Δία
1114 761 1181 801 τὸν
1206 760 1354 802 ἄνακτα
1381 763 1443 802 καὶ
1467 761 1555 802 τοὺς

220 829 331 871 θεοὺς
372 829 561 875 ἅπαντας,
602 829 732 869 οὐδενὶ
768 829 928 869 πώποτε
963 829 1174 881 ἐφθόνησα
1206 828 1286 868 οὐδ’
1321 829 1554 880 ἐπετίμησα,

219 895 248 936 ὦ
291 896 428 948 ἄνδρες
471 896 664 942 δικασταί,
699 898 735 937 εἴ
774 913 832 938 τις
874 896 1067 947 βούλεται
1109 895 1312 949 σοφιστὴς
1350 896 1450 936 εἶναι
1494 895 1556 936 καὶ

219 963 441 1015 Ἰσοκράτει
465 963 651 1016 ἀργύριον
677 964 923 1004 ἀναλίσκειν·
961 964 1175 1015 μαινοίμην
1197 965 1274 1017 γὰρ
1300 963 1359 1010 ἄν,
1382 964 1418 1004 εἴ
1434 964 1477 1003 τί
1489 979 1556 1015 μοι

218 1031 367 1071 τούτων
409 1032 595 1082 ἐπιμελὲς
636 1032 708 1081 εἴη.
780 1031 824 1070 οὐ
864 1030 1002 1081 μέντοι
1039 1032 1093 1082 μὰ
1134 1032 1213 1071 Δία
1250 1030 1360 1082 οἶμαί
1388 1047 1435 1083 γε
1473 1033 1555 1070 δεῖν

218 1098 447 1150 ἀνθρώπους
497 1101 843 1151 καταφρονοῦντας
892 1098 954 1138 καὶ
1003 1097 1207 1148 οἰομένους
1258 1097 1407 1138 δεινοὺς
1456 1096 1557 1137 εἶναι

219 1165 406 1217 ἐφίεσθαι
456 1168 535 1205 τῶν
587 1165 823 1216 ἀλλοτρίων,
875 1165 963 1205 οὐδὲ
1018 1166 1290 1217 ἀφαιρεῖσθαι,
1344 1164 1397 1219 τῷ
1445 1165 1555 1218 λόγῳ

219 1232 492 1273 πιστεύοντας·
531 1235 702 1284 πονηροῦ
732 1234 807 1284 γὰρ
839 1231 945 1271 ταῦτ’
980 1232 1092 1272 ἐστὶν
1123 1234 1324 1283 σοφιστοῦ
1350 1232 1412 1272 καὶ
1436 1232 1553 1282 οἰμω-

218 1297 397 1349 ξομένου.
469 1298 662 1350 Λάκριτος
699 1298 731 1338 δ’
768 1299 918 1344 οὑτοσί,
950 1296 980 1338 ὦ
1019 1298 1155 1350 ἄνδρες
1191 1298 1385 1345 δικασταί,
1423 1298 1467 1338 οὐ
1503 1301 1556 1353 τῷ

219 1367 352 1420 δικαίῳ
386 1366 585 1406 πιστεύων
618 1365 854 1416 εἰσελήλυθε
886 1366 1031 1415 ταύτην
1065 1365 1137 1415 τὴν
1170 1366 1292 1416 δίκην,
1320 1365 1412 1405 ἀλλ’
1447 1365 1553 1418 ἀκρι-

218 1436 302 1484 βῶς
337 1434 447 1474 εἰδὼς
479 1434 528 1473 τὰ
560 1432 803 1485 πεπραγμέν’
837 1434 968 1474 αὐτοῖς
998 1433 1087 1485 περὶ
1123 1435 1167 1473 τὸ
1201 1431 1394 1484 δάνεισμα
1428 1435 1553 1479 τοῦτο,

220 1500 282 1540 καὶ
315 1499 533 1552 ἡγούμενος
567 1499 691 1540 δεινὸς
729 1499 829 1540 εἶναι
867 1500 931 1540 καὶ
972 1501 1115 1553 ῥᾳδίως
1152 1500 1298 1552 λόγους
1333 1502 1556 1552 ποριεῖσθαι

219 1567 308 1619 περὶ
349 1566 493 1608 ἀδίκων
535 1566 787 1619 πραγμάτων,
837 1568 960 1607 οἴεται
1001 1564 1191 1618 παράξειν
1231 1568 1329 1617 ὑμᾶς
1377 1567 1467 1608 ὅποι
1508 1565 1557 1607 ἂν

218 1634 428 1685 βούληται.
515 1638 636 1674 ταῦτα
689 1636 764 1686 γὰρ
813 1633 1106 1686 ἐπαγγέλλεται
1158 1633 1285 1675 δεινὸς
1333 1633 1443 1680 εἶναι,
1495 1633 1556 1673 καὶ

220 1702 405 1753 ἀργύριον
441 1702 544 1742 αἰτεῖ
580 1701 642 1741 καὶ
678 1702 855 1752 μαθητὰς
898 1701 1090 1754 συλλέγει
1125 1702 1212 1752 περὶ
1245 1701 1371 1741 αὐτῶν
1406 1701 1556 1741 τούτων

220 1769 570 1820 ἐπαγγελλόμενος
595 1769 804 1809 παιδεύειν.
879 1769 942 1809 καὶ
969 1772 1124 1821 πρῶτον
1148 1770 1220 1819 μὲν
1244 1768 1332 1809 τοὺς
1358 1766 1556 1820 ἀδελφοὺς

218 1834 308 1876 τοὺς
332 1836 450 1875 αὑτοῦ
469 1834 701 1876 ἐπαίδευσεν
724 1835 796 1886 τὴν
820 1837 1001 1876 παιδείαν
1025 1836 1182 1886 ταύτην,
1208 1834 1256 1885 ἣν
1279 1836 1388 1886 ὑμεῖς
1413 1833 1553 1874 αἰσθά-

219 1904 338 1943 νεσθε
366 1904 541 1954 πονηρὰν
574 1902 636 1942 καὶ
668 1902 815 1949 ἄδικον,
843 1900 873 1942 ὦ
907 1902 1045 1955 ἄνδρες
1078 1904 1272 1949 δικασταί,
1308 1901 1555 1952 δανείζεσθαι

220 1971 262 2009 ἐν
287 1972 338 2023 τῷ
361 1971 530 2023 ἐμπορίῳ
556 1971 717 2010 ναυτικὰ
737 1969 920 2023 χρήματα
941 1970 1002 2010 καὶ
1027 1969 1134 2010 ταῦτ’
1153 1971 1390 2021 ἀποστερεῖν
1416 1969 1476 2008 καὶ
1501 1968 1552 2019 μὴ

268 2087 280 2106 1
308 2078 480 2119 ἑοράκαμεν
499 2078 536 2109 F¹
556 2090 563 2109 z
591 2081 660 2121 ἑωρ.
680 2079 769 2118 vulg.
931 2089 950 2118 3
975 2079 1120 2120 παρέξειν
1142 2080 1166 2110 S
1277 2081 1340 2121 γὰρ
1358 2090 1421 2110 om.
1442 2077 1508 2117 FQ
1523 2077 1553 2107 D

223 2123 260 2163 ἐᾷ
276 2131 340 2152 om.
360 2121 384 2151 S
518 2133 537 2161 4
563 2123 733 2164 προφέρειν
750 2122 781 2152 Α
915 2133 933 2161 5
958 2122 1050 2163 πρὸς]
1064 2124 1103 2154 τὸ
1119 2125 1195 2164 πρὸς
1213 2123 1237 2153 S
1370 2124 1391 2152 6
1415 2121 1554 2161 ἔμελεΑ

1578 847 1616 869 10

1578 1182 1615 1213 15

1579 1516 1618 1538 20

222 2165 243 2194 8
267 2166 388 2196 ἑαυτῶν
405 2165 494 2197 οὖσιν
513 2166 579 2204 FQ
596 2166 626 2196 D
752 2175 790 2196 10
815 2167 916 2198 οὐδενὶ
934 2166 1035 2204 vulg.,
1057 2166 1096 2196 cf.
1118 2166 1200 2196 Plat.
1221 2166 1319 2206 Apol.
1339 2176 1381 2205 33
1392 2165 1436 2196 A:
1464 2164 1554 2197 οὐδὲν
1604 2180 1607 2182 ·

223 2207 248 2237 S
362 2218 400 2238 12
425 2210 463 2240 ἄν
479 2219 542 2240 om.
560 2209 592 2239 A
708 2219 745 2247 13
771 2208 921 2248 ἐπιμελὲς
939 2212 985 2247 εἴη
1004 2209 1028 2240 S
1046 2219 1130 2240 corr.
1149 2209 1237 2248 vulg.
1258 2220 1264 2239 :
1290 2209 1497 2249 ἐπιμεληθείη
1515 2207 1553 2238 Sl

222 2251 348 2291 μέντοι]
364 2252 475 2291 μέντοι
491 2266 531 2293 ’γε
549 2252 580 2282 Α
702 2263 739 2290 14
765 2252 1057 2293 καταφρονοῦντας]
1076 2251 1161 2293 μέγα
1178 2254 1373 2293 φρονοῦντας
1391 2252 1554 2290 Hirschig

227 2296 266 2324 16
281 2295 389 2336 ταῦτ’]
404 2297 558 2336 ταῦτάγε
572 2295 604 2325 Α
618 2295 734 2333 (Blass
748 2295 822 2327 coll.
839 2296 922 2326 xviii
940 2297 1005 2337 16),
1019 2297 1079 2326 sed
1094 2296 1134 2327 cf.
1152 2296 1283 2335 Hyper.
1300 2296 1466 2335 Lycophr.
1482 2299 1496 2332 ξ
1511 2306 1553 2326 20

223 2348 266 2369 20
289 2338 466 2379 ἡγούμενος
484 2339 507 2369 S
521 2338 575 2369 A:
602 2338 743 2378 οἷόμενος
766 2339 855 2377 vulg.
1005 2349 1043 2369 21
1070 2339 1233 2380 παράξειν]
1256 2338 1401 2380 παρέξειν
1426 2338 1508 2378 F¹Q
1524 2339 1552 2369 D

222 2382 304 2421 ἡμᾶς
323 2382 346 2411 S
430 2383 500 2414 ὅποι
520 2382 646 2413 Reiske
663 2393 670 2413 z
695 2383 774 2414 ὅπου
790 2383 885 2414 codd.
979 2393 1019 2413 22
1045 2384 1144 2415 δεινὸς
1163 2383 1186 2413 S
1198 2381 1229 2411 A
1244 2393 1252 2412 τ
1276 2384 1325 2415 καὶ
1343 2383 1443 2415 δεινὸς
1461 2383 1548 2419 vulg.

224 2436 263 2464 25
289 2426 432 2457 ἐπαίδευε
449 2425 480 2456 Α
