1685 2772
48 106 169 162 [967]

45 1286 182 1385 [9685

625 113 1120 153 ΔΗΜΟΣΘΕΝΟΎΣ
1373 107 1540 163 [xxxvn

205 224 490 276 δεδικασμένον
525 224 571 275 ἧς
608 227 676 264 νῦν
711 224 848 264 οὑτοσὶ
879 224 1019 277 λαχὼν
1053 225 1253 265 εἰσελθεῖν
1285 223 1540 275 τετόλμηκεν.

206 292 251 345 ἐξ
273 294 398 347 ἀρχῆς
436 291 482 338 δ’,
525 291 575 333 ὡς
617 289 665 330 ἂν
691 291 773 333 οἶός
813 290 846 331 τ’
888 289 917 331 ὦ
962 292 1025 330 διὰ
1065 290 1343 344 βραχυτάτων,
1387 291 1543 332 ἅπαντα

205 363 254 401 τὰ
279 358 508 413 πραχθέντα
533 356 776 410 διηγήσομαι
800 356 898 410 πρὸς
921 359 1033 408 ὑμᾶς.

273 426 563 477 Ἐδανείσαμεν
587 424 706 466 πέντε
731 425 794 465 καὶ
821 424 963 465 ἑκατὸν
986 427 1086 476 μνᾶς
1113 425 1191 477 ἐγὼ
1218 425 1280 465 καὶ
1306 426 1492 478 Εὔεργος,
1513 423 1543 465 ὦ

206 493 344 545 ἄνδρες
378 494 573 538 δικασταί,
609 491 864 546 Πανταινέτῳ
893 493 1047 546 τουτῳί,
1076 491 1136 532 ἐπ’
1167 493 1413 547 ἐργαστηρίῳ
1443 492 1476 533 τ’
1502 494 1543 533 ἐν
1564 509 1581 541 5

207 565 288 603 τοῖς
314 560 442 613 ἔργοις
472 561 515 600 ἐν
540 560 756 612 Μαρωνείᾳ
787 559 849 599 καὶ
873 558 1070 610 τριάκοντ’
1105 559 1377 611 ἀνδραπόδοις.
1430 559 1477 610 ἦν
1503 562 1544 601 δὲ

207 632 276 668 τοῦ
312 629 572 677 δανείσματος
610 625 898 678 τετταράκοντα
934 628 1006 676 μὲν
1045 626 1107 665 καὶ
1147 626 1265 667 πέντε
1305 630 1399 677 μναῖ
1439 627 1542 677 ἐμαί,

208 694 405 735 τάλαντον
430 693 461 734 δ’
489 693 677 746 Εὐέργου.
751 692 966 744 συνέβαινε
991 695 1033 733 δὲ
1059 696 1198 734 τοῦτον
1221 693 1402 745 ὀφείλειν
1429 697 1542 744 Μνη-

209 766 343 802 σικλεῖ
374 763 447 812 μὲν
484 763 685 802 Κολλυτεῖ
718 760 930 807 τάλαντον,
970 759 1100 814 Φιλέᾳ
1136 759 1168 800 δ’
1205 760 1443 816 Ἐλευσινίῳ
1482 762 1545 802 καὶ

209 829 428 880 Πλείστορι
460 828 578 869 πέντε
612 828 675 868 καὶ
708 827 997 880 τετταράκοντα
1029 830 1140 879 μνᾶς.
1213 828 1365 880 πρατὴρ
1396 830 1469 880 μὲν
1497 827 1542 879 δὴ
1567 849 1605 870 10

207 900 276 937 τοῦ
312 896 575 949 ἐργαστηρίου
612 895 674 935 καὶ
710 898 788 935 τῶν
825 894 1081 947 ἀνδραπόδων
1119 896 1139 934 ὁ
1177 898 1416 945 Μνησικλῆς
1450 895 1544 946 ἡμῖν

207 964 385 1017 γίγνεται
407 961 485 1014 (καὶ
511 964 585 1015 γὰρ
612 961 748 1013 ἐώνητ’
773 964 921 1004 ἐκεῖνος
952 962 1050 1002 αὐτὰ
1074 962 1198 1017 τούτῳ
1228 964 1334 1012 παρὰ
1357 961 1541 1013 Τηλεμά-

209 1048 282 1085 χου
322 1034 390 1071 τοῦ
432 1030 624 1083 πρότερον
668 1027 929 1080 κεκτημένου)·
973 1031 1183 1080 μισθοῦται
1224 1029 1258 1070 δ’
1299 1029 1413 1072 οὗτος
1455 1028 1544 1081 παρ’

209 1099 320 1150 ἡμῶν
345 1101 413 1138 τοῦ
446 1096 682 1150 γιγνομένου
713 1097 830 1137 τόκου
854 1100 906 1151 τῷ
940 1096 1124 1150 ἀργυρίῳ,
1159 1095 1277 1137 πέντε
1310 1096 1373 1136 καὶ
1406 1096 1546 1137 ἑκατὸν

213 1169 397 1219 δραχμῶν
433 1168 501 1205 τοῦ
533 1164 656 1216 μηνὸς
686 1163 867 1205 ἑκάστου.
940 1164 1003 1204 καὶ
1039 1162 1224 1214 τιθέμεθα
1257 1162 1466 1214 συνθήκας,
1504 1165 1547 1204 ἐν
1570 1183 1608 1216 15

212 1234 273 1274 αἷς
290 1233 314 1283 ἤ
330 1249 372 1273 τε
390 1231 588 1283 μίσθωσις
614 1230 662 1282 ἣν
687 1229 938 1283 γεγραμμένη
966 1231 1028 1270 καὶ
1048 1230 1165 1272 λύσις
1183 1230 1307 1284 τούτῳ
1328 1230 1418 1282 παρ’
1437 1230 1547 1281 ἡμῶν

213 1300 254 1340 ἔν
279 1317 356 1340 τινι
380 1300 483 1354 ῥητῷ
502 1299 648 1354 χρόνῳ.
703 1297 962 1352 πραχθέντων
982 1299 1024 1338 δὲ
1043 1297 1193 1337 τούτων
1212 1298 1547 1349 ἐλαφηβολιῶνος

211 1366 332 1418 μηνὸς
368 1367 432 1407 ἐπὶ
470 1367 679 1419 Θεοφίλου
714 1364 919 1419 ἄρχοντος,
956 1365 1033 1417 ἐγὼ
1069 1367 1141 1416 μὲν
1179 1363 1357 1405 ἐκπλέων
1391 1366 1446 1407 εἷς
1477 1364 1548 1405 τὸν

213 1435 370 1474 Πόντον
395 1433 506 1475 εὐθὺς
531 1433 698 1488 ᾠχόμην,
728 1432 840 1474 οὗτος
866 1431 898 1472 δ’
925 1431 1054 1472 ἐνθάδ’
1081 1431 1129 1483 ἧν
1155 1431 1218 1471 καὶ
1243 1432 1431 1484 Εὔεργος.
1500 1433 1548 1472 τὰ

211 1504 284 1552 μὲν
309 1501 354 1551 δὴ
382 1500 608 1554 πραχθέντα
632 1500 784 1541 τούτοις
811 1498 907 1551 πρὸς
933 1499 1084 1545 αὑτούς,
1107 1499 1180 1540 ἕως
1206 1497 1429 1550 ἀπεδήμουν
1454 1499 1545 1551 ἐγώ,
1570 1518 1610 1539 20

214 1568 282 1609 οὐκ
320 1568 367 1608 ἂν
407 1567 535 1622 ἔχοιμ’
573 1568 707 1608 εἰπεῖν.
764 1567 853 1607 οὔτε
890 1568 966 1619 γὰρ
994 1567 1115 1607 ταύτὰ
1147 1565 1341 1618 λέγουσιν
1372 1565 1452 1606 οὔτ’
1489 1566 1550 1607 ἀεὶ

213 1635 322 1676 ταῦθ’
348 1635 457 1675 οὗτός
477 1652 535 1687 γε,
557 1636 663 1675 ἀλλὰ
683 1636 772 1674 τοτὲ
790 1636 863 1685 μὲν
884 1635 1069 1674 ἐκπεσεῖν
1093 1632 1157 1674 ὑπ’
1184 1633 1333 1674 ἐκείνου
1351 1635 1425 1688 βίᾳ
1444 1634 1549 1685 παρὰ

214 1705 283 1744 τὰς
309 1701 506 1753 συνθήκας
532 1703 573 1742 ἐκ
597 1704 666 1752 τῆς
690 1701 940 1752 μισθώσεως,
969 1703 1059 1742 τοτὲ
1085 1701 1117 1741 δ’
1144 1700 1261 1741 αὐτὸν
1291 1702 1417 1742 αἴτιον
1445 1702 1548 1756 αὐτῷ

214 1769 311 1821 πρὸς
335 1768 380 1809 τὸ
405 1769 596 1820 δημόσιον
620 1768 810 1821 γενέσθαι
834 1771 903 1819 τῆς
931 1770 1149 1821 ἐγγραφῆς,
1177 1770 1266 1809 τοτὲ
1291 1768 1324 1808 δ’
1350 1768 1442 1809 ἄλλ’
1467 1769 1490 1808 ὅ
1513 1785 1551 1808 τι

215 1836 262 1876 ἂν
287 1836 495 1887 βούληται.
553 1837 699 1877 ἐκεῖνος
718 1836 751 1875 δ’
778 1838 914 1878 ἁπλῶς
935 1837 1025 1877 οὔτε
1043 1836 1134 1878 τοὺς
1153 1837 1289 1878 τόκους
1309 1834 1549 1887 ἀπολαμβά-
1571 1851 1610 1883 25

215 1920 294 1944 νων
318 1904 407 1944 οὔτε
431 1907 508 1943 τῶν
532 1902 669 1943 ἄλλων
693 1907 771 1943 τῶν
797 1905 838 1943 ἐν
863 1908 949 1945 ταῖς
975 1902 1187 1953 συνθήκαις
1213 1906 1417 1945 ποιοῦντος
1436 1902 1550 1943 οὐδὲν

215 1971 365 2017 τούτου,
394 1971 521 2011 ἐλθὼν
546 1969 636 2022 παρ’
658 1971 815 2012 ἑκόντος
841 1971 979 2011 τούτου
1008 1971 1151 2022 λαβὼν
1181 1970 1289 2023 ἔχειν
1318 1972 1366 2010 τὰ
1396 1972 1548 2010 ἑαυτοῦ·

214 2039 312 2090 μετὰ
331 2040 372 2079 δὲ
391 2036 496 2077 ταῦτ’
517 2037 744 2077 ἀπελθόντα
762 2041 903 2077 τοῦτον
923 2038 1033 2088 ἥκειν
1048 2037 1139 2079 τοὺς
1158 2036 1549 2089 ἀμφισβητήσοντας

258 2158 278 2187 5
302 2147 407 2188 τούτῳ
425 2148 556 2187 (τουτωι
575 2147 614 2187 S)
635 2147 732 2179 codd.
748 2158 754 2178 :
781 2158 866 2178 corr.
888 2147 987 2178 Blass
1141 2149 1162 2177 6
1187 2149 1221 2179 ἐν
1239 2147 1422 2189 Μαρωνείᾳ]
1441 2145 1550 2221 (τοῖςέ

218 2194 251 2223 ἐν
269 2197 309 2222 Μ.
330 2191 465 2221 Dobl‘ee
621 2202 642 2230 9
668 2194 831 2223 Κολλυτεῖ
847 2191 870 2221 S
886 2205 891 2222 :
921 2194 1084 2223 Κολυττεΐ
1097 2191 1186 2230 vulg.
1302 2190 1507 2230 Ἐλευσινείῳ
1572 2222 1574 2224 .

220 2245 258 2264 10
282 2236 319 2274 δὴ
336 2245 401 2265 om.
426 2234 492 2273 FQ
615 2244 652 2272 13
677 2234 769 2268 οὗτος
789 2235 812 2264 S
829 2235 853 2265 F
868 2235 897 2273 Q
911 2235 940 2264 D
961 2247 967 2266 ε
992 2236 1101 2266 οὑτοσὶ
1119 2234 1150 2264 Α
1270 2244 1308 2273 19
1332 2233 1400 2274 καὶ]
1417 2235 1468 2266 καὶ
1486 2236 1502 2265 ὖ
1518 2233 1550 2264 Α

217 2288 323 2308 21—22
340 2279 399 2310 αἰεὶ
416 2292 520 2310 ταυτα
536 2278 559 2308 S
652 2288 691 2307 22
708 2278 767 2318 μὲν
785 2278 828 2309 S:
852 2279 911 2318 μέν
929 2287 1029 2320 φησιν
1045 2278 1135 2317 vulg.
1210 2287 1250 2316 23
1276 2280 1380 2318 ἑαυτῷ
1399 2278 1422 2308 S
1508 2279 1551 2307 26

215 2324 279 2353 τῶν
302 2325 334 2353 ἐν
351 2332 415 2353 om.
436 2322 471 2360 S,
494 2325 527 2354 ἐν
544 2321 619 2352 add.
638 2332 718 2352 sscr.
743 2322 816 2353 ead.
836 2333 878 2353 m.
981 2333 1021 2361 27
1049 2321 1154 2363 ἔχειν]
1175 2322 1263 2362 εἶχεν
1282 2322 1305 2352 S
1404 2322 1446 2351 28
1468 2321 1551 2361 μετὰ

217 2368 319 2400 ταῦτα
337 2365 369 2397 δὲ
389 2366 508 2396 Hoeck
526 2366 600 2397 coll.
623 2369 637 2403 ᾗ
660 2374 696 2404 15
