1685 2772
60 1071 76 1101 5

41 1405 77 1428 10

39 2072 78 2093 20

655 521 866 566 XXVIII

505 652 639 693 KAT’
687 650 939 694 ΑΦΟΒΟΤ
985 653 1022 694 Β

162 787 307 827 Πολλὰ
332 785 394 827 καὶ
417 785 558 838 μεγάλ’
576 784 826 838 ἐψευσμένου
851 789 948 837 πρὸς
972 787 1071 837 ὑμᾶς
1096 785 1293 839 Ἀφόβου,
1320 786 1423 827 τοῦτ’

96 853 213 894 αὐτὸν
232 852 393 905 ἐλέγξαι
412 852 651 904 πειράσομαι
670 856 836 905 πρῶτον,
856 852 920 904 ἐφ’
935 851 964 907 ᾧ
983 852 1145 903 μάλιστ’
1165 852 1423 905 ἠγανάκτησα

95 924 174 961 τῶν
196 920 407 973 ῥηθέντων.
468 919 577 960 εἶπεν
596 921 672 971 γὰρ
698 919 749 961 ὡς
768 920 787 958 ὁ
806 918 966 961 πάππος
986 920 1135 971 ὤφειλε
1158 923 1211 974 τῷ
1231 921 1419 975 δημοσίῳ,

99 987 160 1027 καὶ
184 989 246 1026 διὰ
270 986 377 1026 ταῦθ’
402 987 422 1026 ὁ
452 986 578 1038 πατὴρ
603 986 672 1025 οὐκ
706 985 900 1036 ἐβούλετο
930 988 1179 1036 μισθωθῆναι
1207 986 1274 1026 τὸν
1298 986 1420 1034 οἶκον,

97 1054 161 1094 ἵνα
183 1053 236 1104 μὴ
263 1053 504 1109 κινδυνεύσῃ.
569 1052 631 1092 καὶ
654 1051 725 1102 τὴν
743 1054 816 1103 μὲν
841 1052 1047 1105 πρόφασιν
1071 1056 1239 1093 ποιεῖται
1263 1053 1420 1104 ταύτην,

98 1119 149 1161 ὡς
167 1119 200 1159 δ’
219 1121 395 1172 ὀφείλων
414 1119 674 1169 ἐτελεύτησεν
696 1120 856 1165 ἐκεῖνος,
879 1118 1062 1170 οὐδεμίαν
1081 1119 1305 1173 παρέσχετο
1323 1137 1421 1173 μαρ-

97 1188 244 1238 τυρίαν·
283 1186 372 1227 ἀλλ’
399 1186 450 1229 ὣς
473 1189 546 1237 μὲν
571 1184 722 1239 ὦφλεν,
751 1185 969 1236 ἐνεβάλετο
993 1185 1168 1238 τηρήσας
1192 1186 1264 1237 τὴν
1286 1192 1419 1228 τελευ-

97 1255 209 1294 ταίαν
238 1253 399 1305 ἡμέραν,
426 1254 570 1303 ταύτην
602 1252 634 1293 δ’
661 1253 716 1295 εἷς
743 1252 813 1293 τὸν
841 1253 1009 1305 ὕστερον
1040 1254 1165 1305 λόγον
1193 1254 1420 1300 ὑπελίπετο,

98 1320 147 1361 ὡς
184 1323 394 1372 διαβαλεῖν
418 1319 463 1360 τὸ
497 1319 644 1374 πρᾶγμ’
678 1318 725 1370 ἐξ
755 1319 873 1370 αὐτῆς
906 1321 1182 1371 δυνησόμενος.
1256 1322 1326 1362 ἐὰν
1354 1321 1421 1362 οὖν

97 1389 266 1442 ἀναγνῷ,
302 1387 514 1441 προσέχετ’
552 1387 648 1444 αὐτῇ
682 1386 750 1427 τὸν
786 1389 891 1428 νοῦν·
939 1387 1126 1439 εὑρήσετε
1158 1389 1232 1440 γὰρ
1265 1387 1338 1441 οὐχ
1371 1387 1422 1430 ὡς

97 1455 253 1507 ὀφείλει
276 1454 635 1507 μεμαρτυρημένην,
658 1453 748 1494 ἀλλ’
768 1454 819 1496 ὡς
844 1452 995 1507 ὦφλεν.
1042 1454 1144 1494 τοῦτ’
1169 1454 1238 1495 οὖν
1263 1454 1424 1507 ἐλέγξαι

97 1521 337 1574 πειράσομαι
360 1526 529 1574 πρῶτον,
551 1521 615 1574 ἐφ’
641 1520 669 1577 ᾧ
689 1525 833 1575 φρονεῖ
854 1520 1045 1572 μάλιστα·
1082 1520 1102 1562 ὃ
1128 1522 1189 1561 καὶ
1213 1521 1323 1573 ἡμεῖς
1348 1523 1419 1573 ἆμ-

97 1593 388 1641 φισβητοῦμεν.
449 1591 484 1630 εἶ
511 1591 584 1641 μὲν
609 1589 678 1629 οὖν
705 1588 785 1629 τότ’
810 1586 1013 1641 ἐξεγένετο
1040 1588 1102 1629 καὶ
1130 1587 1181 1640 μὴ
1211 1593 1263 1643 τῷ
1292 1589 1422 1644 χρόνῳ

95 1655 198 1696 τοῦτ’
224 1657 521 1709 ἐνηδρεύθημεν,
548 1655 816 1710 παρεσχόμεθ’
840 1655 888 1696 ἂν
911 1655 1106 1708 μάρτυρας
1138 1655 1190 1698 ὡς
1218 1653 1423 1707 ἐξετείσθη

96 1723 145 1762 τὰ
169 1722 351 1777 χρήματα
379 1725 440 1764 καὶ
473 1723 588 1765 πάντ’
620 1723 721 1779 αὐτῷ
753 1722 957 1764 διελέλυτο
985 1724 1034 1762 τὰ
1061 1721 1160 1775 πρὸς
1187 1722 1258 1772 τὴν
1289 1723 1421 1763 πόλιν·

96 1792 164 1830 νῦν
183 1792 226 1831 δὲ
248 1792 469 1842 τεκμηρίοις
485 1791 677 1843 μεγάλοις
701 1790 945 1842 ἐπιδείξομεν
970 1790 1021 1832 ὡς
1045 1789 1126 1830 οὔτ’
1143 1789 1316 1842 ὤφειλεν
1340 1789 1420 1829 οὔτ’

97 1855 144 1906 ἣν
170 1857 344 1900 κίνδυνος
369 1858 495 1899 οὐδεὶς
520 1858 612 1909 ἡμῖν
632 1859 785 1910 φανερὰ
810 1856 1058 1908 κεκτημένοις
1081 1858 1129 1896 τὰ
1153 1857 1260 1897 ὄντα.
1315 1860 1418 1908 πρῶ-

95 1939 164 1963 τον
195 1926 266 1974 μὲν
299 1925 373 1976 γὰρ
410 1924 664 1978 Δημοχάρης,
698 1926 802 1978 ἔχων
831 1924 1011 1977 ἀδελφὴν
1039 1925 1108 1974 τῆς
1141 1924 1235 1974 ἐμῆς
1261 1923 1418 1974 μητρός,

97 1989 292 2042 θυγατέρα
321 1993 364 2032 δὲ
396 1992 590 2038 Γύλωνος,
617 1991 685 2031 οὐκ
716 1990 1005 2043 ἀποκέκρυπται
1033 1990 1105 2040 τὴν
1133 1990 1287 2035 οὐσίαν,
1315 1990 1420 2029 ἀλλὰ

97 2060 265 2108 χορηγεῖ
286 2058 348 2098 καὶ
373 2062 603 2112 τριηραρχεῖ
626 2058 687 2098 καὶ
713 2059 782 2100 τὰς
800 2057 928 2100 ἄλλας
952 2058 1187 2114 λῃτουργίας
1211 2059 1425 2113 λῃτουργεῖ

140 2164 285 2196 Titulus.
311 2164 466 2206 Ἀφόβου]
485 2167 542 2197 τοῦ
561 2167 657 2197 αὐτοῦ
675 2164 699 2195 S
858 2174 871 2193 1
899 2165 1092 2205 ἐψευσμένου
1111 2164 1134 2195 S
1146 2164 1175 2194 A
1192 2175 1199 2195 :
1222 2163 1420 2205 ψευσαμένου

98 2208 185 2246 vulg.
324 2219 343 2238 2
369 2208 531 2249 ἐξελέγξαι
547 2208 577 2238 Α
591 2207 615 2237 F
766 2217 785 2246 5
809 2207 994 2249 κινδυνεύσῃ
1014 2209 1088 2249 πρὸς
1104 2209 1142 2240 τὸ
1159 2208 1312 2247 δημόσιον
1329 2207 1352 2237 S
1367 2220 1419 2248 ’γρ-

100 2261 117 2290 7
141 2254 279 2292 ὤφειλεν
294 2250 326 2281 Α
434 2252 455 2282 8
479 2251 652 2282 ὑπελίπετο
669 2250 693 2281 S
712 2262 718 2281 :
744 2251 932 2282 ὑπελείπετο
949 2256 1026 2281 cett.
1137 2261 1159 2290 9
1184 2250 1374 2288 διαβάλλειν
1389 2249 1420 2279 Α

101 2304 135 2324 11
162 2294 442 2336 μεμαρτυρημένον
458 2294 483 2324 F
485 2299 615 2324 oerster
736 2293 866 2335 ἐλέγξαι
884 2293 928 2324 S:
954 2293 1117 2334 ἐξελέγξαι
1134 2299 1212 2325 cett.
1382 2302 1420 2322 12

97 2337 257 2378 μάλιστα]
274 2337 432 2378 μέγιστον
449 2337 557 2368 Cobet
575 2337 616 2368 N.
639 2337 675 2369 L.
692 2339 756 2376 643
902 2346 940 2375 14
966 2337 1111 2377 ἐξετίσθη
1129 2338 1224 2369 codd.
1382 2336 1421 2365 16

99 2383 300 2422 ἐπιδειξωμεν
317 2380 354 2412 S1
492 2391 528 2419 17
554 2382 653 2413 οὐδεὶς
670 2386 747 2411 ante
763 2381 839 2421 ἡμῖν
856 2380 940 2412 SA:
966 2385 1041 2420 post
1057 2381 1132 2420 ἡμῖν
1150 2382 1176 2412 F

1455 989 1577 1045 [836]
