1685 2772
105 482 122 513 5

85 913 123 934 10

85 1253 121 1285 Ι5

84 1587 123 1608 20

147 84 293 138 XXXVI]
511 89 674 127 ΥΠΕΡ
721 88 1100 126 ΦΟΡΜΙΩΝΟΣ
1505 76 1628 131 [955]

145 200 179 241 οἳ
221 201 368 253 χρόνον
410 199 536 240 πολὺν
576 198 681 239 τοῦδ’
724 198 1034 250 ἀπηλλαγμένου
1081 198 1278 249 μισθωταὶ
1323 198 1477 239 τούτοις

145 267 350 319 ἐγίγνοντο
374 269 444 317 τῆς
468 265 660 318 τραπέζης
686 266 749 306 καὶ
773 269 841 305 τοῦ
865 265 1190 317 ἀσπιδοπηγείου.
1231 265 1356 305 καίτοι
1381 264 1474 311 τόθ’,

144 333 297 383 ὁπηνίκ’
318 334 544 384 ἐμίσθωσεν
569 332 743 378 ἐκείνοις,
771 331 860 387 τῷδ’
887 334 1074 384 ἐγκαλεῖν
1098 331 1321 385 παραχρῆμ’
1343 333 1474 385 ἐχρῆν,

144 402 254 452 εἴπερ
283 401 410 450 ἀληθῆ
444 400 492 451 ἦν
523 401 621 451 ὑπὲρ
652 401 708 440 ὧν
740 399 821 439 τότ’
852 399 970 451 ἀφεὶς
1004 402 1073 440 νῦν
1105 399 1230 453 τούτῳ
1265 398 1473 448 δικάζεται.
1526 445 1531 449 ἱ

144 467 195 509 ὡς
218 468 349 507 τοίνυν
375 468 503 517 ἀληθῆ
528 466 648 519 λέγω,
675 466 738 506 καὶ
764 465 962 518 πρεσβεῖά
987 483 1029 506 τε
1054 465 1125 516 τὴν
1151 466 1354 506 συνοικίαν
1380 466 1471 505 ἔλα-

142 538 218 585 βεν
244 535 341 573 κατὰ
371 534 442 584 τὴν
468 533 670 584 διαθήκην,
703 533 764 572 καὶ
796 532 886 587 τῷδ’
919 533 993 585 οὐχ
1026 533 1133 574 ὅπως
1167 534 1351 585 ἐγκαλεῖν
1381 530 1475 587 ᾤετο

143 604 236 647 δεῖν,
263 599 355 640 ἀλλ’
380 598 526 657 ἐπῄνει,
552 603 659 651 λαβὲ
683 599 754 649 τὴν
778 601 1005 651 μαρτυρίαν.

707 755 917 782 ΜΑΡἸὝΡΙΑ.

529 831 547 839 ¹-
576 828 585 842 ,
623 826 643 839 Φ
681 828 695 842 Ἰ

200 827 291 870 ‘'Iva
313 829 446 869 τοίνυν
465 830 572 879 εἶδητ
589 860 598 874 ,
620 848 649 868 ω
675 831 813 879 ανδρες
838 828 1055 878 Ἀθηναῖοι,
1076 829 1155 867 ὅσα
1180 827 1348 881 χρήματ’
1368 828 1472 882 ἔχων
1504 828 1549 873 36

142 897 184 936 ἐκ
208 899 288 936 τῶν
309 896 552 947 μισθώσεων
576 895 639 935 καὶ
670 897 711 935 ἐκ
739 898 818 935 τῶν
842 898 971 948 χρεῶν
996 895 1047 936 ὡς
1075 895 1233 946 ἀπορῶν
1263 896 1325 935 καὶ
1357 894 1471 936 πάντ’

142 963 407 1005 ἀπολωλεκὼς
436 964 641 1014 ὀδυρεῖται,
668 961 812 1014 βραχέ’
841 962 951 1012 ἡμῶν
980 961 1188 1002 ἀκούσατε.
1259 961 1372 1003 οὗτος
1395 963 1470 1014 γὰρ

143 1030 185 1069 ἐκ
219 1032 294 1082 μὲν
328 1033 406 1070 τῶν
435 1034 564 1082 χρεῶν
601 1030 698 1080 ὁμοῦ
733 1028 894 1069 τάλαντ’
920 1030 1070 1070 εἴκοσιν
1107 1028 1392 1081 εἰσπέπρακται
1428 1031 1470 1069 ἐκ
1502 1021 1626 1078 [956]

141 1100 220 1137 τῶν
254 1097 494 1150 γραμμάτων
527 1097 581 1137 ὧν
618 1098 638 1136 ὁ
675 1096 803 1149 πατὴρ
840 1095 1062 1143 κατέλιπεν,
1105 1096 1167 1136 καὶ
1202 1096 1350 1136 τούτων
1389 1097 1473 1149 ἔχει

142 1163 267 1204 πλέον
290 1161 314 1215 ἢ
339 1166 388 1205 τὰ
412 1164 560 1215 ἡμίσεα
581 1162 762 1216 (πολλῶν
786 1166 861 1217 γὰρ
885 1165 933 1203 τὰ
952 1163 1050 1216 μέρη
1075 1163 1145 1204 τὸν
1169 1163 1348 1216 ἀδελφὸν
1374 1164 1470 1204 ἀπο-

142 1229 301 1282 στερεῖ)·
358 1233 399 1272 ἐκ
432 1233 474 1272 δὲ
507 1234 585 1272 τῶν
609 1231 862 1283 μισθώσεων,
889 1231 990 1270 ὀκτὼ
1018 1232 1091 1282 μὲν
1116 1232 1215 1271 ἐτῶν
1239 1230 1263 1271 ὃ.
1288 1231 1474 1282 Φορμίων
1504 1242 1547 1277 37

141 1298 227 1351 εἶχε
257 1298 330 1349 τὴν
353 1298 560 1351 τράπεζαν,
589 1297 831 1350 ὀγδοήκοντα
861 1300 961 1349 μνᾶς
988 1301 1056 1337 τοῦ
1089 1299 1265 1338 ἐνιαυτοῦ
1290 1296 1470 1343 ἑκάστου,

141 1365 186 1404 τὸ
211 1365 332 1416 ἥμισυ
357 1367 425 1416 τῆς
450 1366 548 1415 ὅλης
571 1365 820 1416 μισθώσεως·
860 1365 922 1404 καὶ
947 1364 1052 1404 ταῦτ’
1073 1365 1159 1405 ἐστὶ
1179 1364 1272 1404 δέκα
1296 1364 1474 1405 τάλαντα

144 1433 205 1472 καὶ
238 1432 526 1484 τετταράκοντα
555 1435 660 1483 μναῖ·
704 1431 797 1472 δέκα
825 1433 868 1472 δὲ
900 1435 978 1472 τῶν
1007 1433 1106 1482 μετὰ
1138 1436 1270 1478 ταῦτα,
1306 1432 1361 1472 ὧν
1390 1432 1471 1482 ἐμί-

143 1501 306 1539 σθωσαν
345 1500 514 1550 ὕστερον
552 1499 708 1540 Ξένωνι
750 1499 810 1538 καὶ
855 1498 1044 1552 Εὐφραίῳ
1085 1498 1146 1538 καὶ
1190 1499 1369 1551 Εὔφρονι
1411 1498 1473 1538 καὶ

143 1565 447 1620 Καλλιστράτῳ,
479 1565 675 1606 τάλαντον
711 1569 779 1605 τοῦ
816 1566 994 1606 ἐνιαυτοῦ
1027 1564 1208 1605 ἑκάστου.
1279 1565 1399 1618 χωρὶς
1431 1567 1473 1604 δὲ
1503 1567 1548 1610 38

141 1633 302 1679 τούτων,
332 1634 429 1673 ἐτῶν
453 1633 551 1674 ἴσως
576 1634 705 1673 εἴκοσι
728 1635 798 1683 τῆς
831 1631 877 1683 ἐξ
902 1633 1027 1685 ἀρχῆς
1056 1632 1292 1683 νεμηθείσης
1321 1631 1470 1678 οὐσίας,

140 1699 187 1750 ἧς
212 1699 327 1741 αὐτὸς
344 1701 587 1751 ἐπεμελεῖτο,
605 1701 674 1741 τὰς
693 1700 926 1753 προσόδους,
945 1698 1070 1740 πλέον
1089 1696 1112 1749 ἢ
1131 1702 1232 1750 μνᾶς
1250 1698 1471 1752 τριάκοντα.

142 1767 212 1807 ἐὰν
236 1767 270 1807 δ’
295 1766 451 1808 ἅπαντα
484 1768 668 1817 συνθῆτε,
694 1766 756 1807 ὅσ’
788 1768 981 1818 ἐνείματο,
1009 1765 1072 1806 ὅσ’
1098 1765 1373 1818 εἰσεπράξατο,
1408 1765 1471 1806 ὅσ’

143 1834 286 1886 εἴληφε
319 1835 533 1884 μίσθωσιν,
571 1833 695 1874 πλέον
727 1830 751 1884 ἢ
784 1833 1073 1886 τετταράκοντα
1106 1832 1268 1874 τάλαντ’
1299 1833 1474 1885 εἰληφὼς

143 1899 379 1952 φανήσεται,
407 1902 528 1954 χωρὶς
552 1901 608 1941 ὧν
633 1901 746 1943 οὗτος
771 1901 812 1941 εὗ
836 1901 1061 1952 πεποίηκεν,
1090 1901 1152 1941 καὶ
1171 1903 1249 1940 τῶν
1273 1897 1471 1955 μητρῴων,

144 1967 206 2007 καὶ
230 1968 285 2008 ὧν
311 1967 388 2008 ἀπὸ
414 1970 482 2018 τῆς
507 1967 700 2019 τραπέζης
730 1967 835 2021 ἔχων
861 1967 928 2007 οὐκ
958 1968 1176 2008 ἀποδίδωσι
1199 1966 1309 2008 πένθ’
1332 1966 1471 2018 ἡμιτα-

186 2088 206 2115 4
231 2080 316 2117 εἵπερ
336 2078 359 2109 S
372 2077 403 2108 A
420 2090 426 2109 :
454 2079 482 2110 εἶ
498 2077 563 2117 FQ
580 2077 610 2107 D
699 2088 718 2117 5
744 2079 847 2116 ἀληθῆ
868 2078 910 2108 S:
936 2079 1027 2109 ταῦτ’
1047 2078 1149 2115 ἀληθῆ
1167 2076 1256 2115 vulg.
1350 2085 1384 2105 11
1407 2074 1473 2107 ὀδύ-

141 2134 230 2161 ρεται
247 2120 271 2151 S
285 2121 310 2151 F
321 2121 364 2165 Q,
378 2123 438 2152 sed
456 2122 495 2153 cs.
515 2122 631 2151 xxxvii
648 2122 690 2160 48
783 2132 820 2151 12
846 2124 881 2153 ἐκ
898 2131 981 2152 sscr.
997 2121 1096 2151 habet
1111 2120 1134 2150 S
1228 2128 1266 2158 13
1283 2119 1474 2151 κατέλειπεν

145 2164 169 2194 S
304 2174 342 2203 14
367 2167 479 2197 πλεῖον
500 2164 523 2195 S
541 2176 548 2195 ε
573 2165 674 2196 πλείω
693 2163 759 2203 FQ
772 2164 801 2194 D
913 2165 1014 2204 ἡμίση
1037 2163 1061 2194 S
1174 2163 1323 2203 πολλῶν]
1340 2159 1473 2194 πολλων

145 2209 182 2246 (ω
200 2208 301 2248 SScr.)
317 2209 371 2238 i.e.
385 2212 502 2240 πωλῶν
517 2208 541 2238 S
555 2218 640 2239 corr.
701 2209 874 2249 ἀποστερεῖ
891 2208 979 2246 vulg.
996 2219 1002 2238 :
1028 2208 1198 2248 ἆπεστερει
1217 2206 1241 2237 S
1256 2217 1263 2236 :
1289 2207 1473 2247 ἀποστερῶν

142 2251 175 2280 Α
192 2253 267 2292 (γὰρ
284 2252 426 2291 omisso)
521 2252 559 2282 18
584 2251 619 2283 δὲ
631 2254 695 2282 τῶν
710 2251 808 2281 Blass
824 2263 831 2282 z
848 2251 876 2283 δ’
895 2253 974 2282 ἐτῶν
990 2251 1087 2281 codd.
1168 2250 1274 2289 18-19
1292 2250 1473 2289 ἐμίσθωσαν

143 2295 278 2336 ὕστερον
290 2295 313 2325 S
326 2295 356 2325 A
373 2306 380 2325 ε
399 2297 599 2334 ἐμισθώσατο
619 2294 684 2334 FQ
697 2294 727 2324 D
855 2304 894 2325 21
921 2295 1110 2333 νεμηθείσης
1124 2292 1154 2323 Α
1170 2293 1200 2323 D
1214 2305 1221 2324 ε
1246 2293 1423 2330 νεμιθείσης
1438 2295 1471 2330 (η

142 2339 243 2377 sscr.)
264 2338 287 2368 S
304 2351 311 2370 :
337 2340 522 2379 νεμεθείσης
542 2338 608 2377 FQ
701 2348 742 2377 23
770 2342 922 2376 συνθηται
942 2338 966 2368 S
1056 2346 1096 2376 25
1122 2338 1288 2375 ευποίηκεν
1305 2336 1330 2366 S
