1685 2772
711 517 872 560 XXXI

338 644 499 693 ΠΡΟΣ
548 648 843 689 ΟΝΗΤΟΡΑ
893 642 1184 693 ΕΞΟΤΛΗΣ
1232 648 1268 688 Β

692 778 909 808 ὙΠΟΘΕΣΙΣ.

187 855 525 906 Παραλελειμμένα
544 852 610 892 τιν’
630 857 667 891 ἐν
686 857 737 904 τῷ
756 855 921 905 προτέρῳ
941 854 1043 905 λόγῳ
1071 853 1130 891 διὰ
1156 854 1287 891 τούτου
1313 854 1466 903 προστί-

134 910 257 960 θησιν,
276 912 323 950 ὡς
343 910 403 947 καὶ
423 910 532 949 αὐτὸς
557 908 852 958 ἐπισημαίνεται,
875 909 935 946 καὶ
962 908 1006 956 δὴ
1028 908 1088 945 καὶ
1107 909 1199 957 πρός
1225 925 1326 948 τινας
1346 910 1467 958 ἀντιρ-

132 965 259 1014 ρήσεις
280 965 438 1002 ἵσταται.

189 1019 284 1069 Περὶ
313 1018 351 1056 δὲ
379 1021 452 1056 τῶν
481 1017 605 1069 λόγων
632 1018 770 1055 τούτων
797 1017 1068 1066 προειρήκαμεν
1097 1015 1154 1054 ὅτι
1184 1017 1328 1054 πολλοί
1348 1020 1468 1065 φασιν

96 1088 114 1120 5
134 1073 264 1113 αὐτοὺς
283 1072 343 1111 ὑπ’
362 1072 502 1110 Ἰσαίου
521 1071 753 1120 συντεθῆναι,
773 1074 839 1109 τοῦ
859 1071 1013 1120 ῥήτορος
1038 1073 1280 1111 ἀπιστοῦντες
1300 1070 1390 1109 εἶναι
1409 1071 1469 1109 διὰ

133 1128 200 1176 τὴν
219 1128 378 1177 ἡλικίαν,
399 1129 433 1165 οἱ
453 1126 493 1164 δέ
511 1143 565 1178 γε,
581 1128 612 1164 εἰ
630 1126 682 1175 μὴ
702 1127 822 1170 τοῦτο,
839 1125 1075 1175 διωρθῶσθαί
1087 1124 1121 1177 γ’
1140 1126 1212 1164 ὑπὸ
1231 1128 1297 1163 τοῦ
1315 1125 1467 1163 Ἰσαίου·

135 1183 278 1220 ἐοίκασι
309 1183 382 1234 γὰρ
415 1183 490 1221 τοῖς
524 1181 662 1218 ἐκείνου
695 1180 835 1232 λόγοις.
895 1179 1113 1248 θαυμαστὸν
1141 1179 1172 1218 δ’
1202 1180 1317 1225 οὐδέν,
1347 1183 1378 1218 εἷ
1404 1181 1470 1218 τὸν

136 1236 362 1274 διδάσκαλον
391 1235 614 1285 ἐμιμήσατο,
636 1234 695 1272 καὶ
724 1234 876 1284 μηδέπω
905 1235 998 1285 πρὸς
1025 1235 1068 1274 τὸ
1094 1235 1239 1273 τέλειον
1264 1235 1361 1284 ἥκων
1381 1231 1469 1286 [ἐπὶ]

134 1291 199 1329 τὸν
219 1291 355 1329 ἐκείνου
373 1292 589 1341 χαρακτῆρα
607 1287 736 1340 μετῄει
754 1290 853 1329 τέως.

78 1438 116 1460 ιο
197 1416 250 1458 Ὃ
280 1416 501 1469 παρέλιπον
536 1417 579 1456 ἐν
612 1420 665 1471 τῷ
696 1415 872 1471 προτέρῳ
910 1417 1018 1472 λόγῳ
1058 1415 1280 1469 τεκμήριον,
1312 1416 1468 1459 οὐδενὸς

134 1489 212 1527 τῶν
238 1484 453 1537 εἰρημένων
478 1484 658 1530 ἔλαττον,
677 1487 745 1524 τοῦ
764 1483 815 1535 μὴ
833 1484 1044 1525 δεδωκέναι
1063 1484 1135 1534 τὴν
1150 1488 1292 1537 προῖκα
1307 1484 1468 1526 τούτους

136 1553 319 1608 Ἀφόβῳ,
347 1556 462 1592 τοῦτο
487 1555 643 1605 πρῶτον
670 1551 803 1597 εἰπών,
824 1552 924 1602 μετὰ
948 1554 1062 1591 τοῦτο
1082 1552 1144 1592 καὶ
1168 1551 1256 1602 περὶ
1280 1552 1334 1592 ὧν
1355 1551 1468 1593 οὗτος

137 1621 333 1674 ἔψευσται
369 1620 466 1673 πρὸς
493 1621 593 1671 ὑμᾶς
624 1618 856 1672 ἐξελέγχειν
885 1618 1004 1658 αὐτὸν
1033 1617 1285 1671 πειράσομαι.
1356 1618 1468 1660 οὗτος

137 1688 225 1741 γάρ,
245 1686 274 1728 ὦ
289 1688 426 1741 ἄνδρες
442 1688 639 1733 δικασταί,
658 1686 702 1727 τὸ
722 1690 879 1738 πρῶτον
902 1686 968 1725 ὅτε
987 1689 1064 1725 τῶν
1085 1684 1270 1737 Ἀφόβου
1289 1684 1466 1726 διενοεῖτ’

79 1773 116 1805 15
137 1756 425 1808 ἀμφισβητεῖν,
457 1754 546 1807 οὐχὶ
578 1753 776 1794 τάλαντον
805 1752 881 1805 ἔφη
912 1751 984 1802 τὴν
1013 1755 1167 1804 προῖκα,
1204 1752 1338 1802 ὥσπερ
1367 1752 1465 1798 νυνί,

137 1822 230 1863 ἀλλ’
255 1821 496 1874 ὀγδοήκοντα
519 1823 619 1872 μνᾶς
644 1819 866 1866 δεδωκέναι,
895 1820 958 1859 καὶ
982 1820 1140 1869 τίθησιν
1164 1819 1277 1870 ὅρους
1301 1818 1366 1860 ἐπὶ
1393 1820 1467 1869 μὲν

137 1888 208 1939 τὴν
224 1889 350 1929 οἰκίαν
369 1888 593 1941 δισχιλίων,
616 1888 680 1927 ἐπὶ
699 1889 742 1928 δὲ
761 1886 806 1926 τὸ
825 1887 970 1939 χωρίον
992 1885 1200 1931 ταλάντου,
1218 1886 1465 1936 βουλόμενος

136 1955 188 2007 μὴ
213 1956 335 2007 μόνον
359 1961 486 2000 τοῦτο,
514 1955 621 1994 ἀλλὰ
647 1954 828 2003 κάκείνην
854 1951 1059 2008 διασῴζειν
1083 1952 1201 2006 αὐτῷ.
1250 1952 1465 2004 γενομένης

138 2021 180 2062 δέ
202 2039 269 2073 μοι
293 2023 362 2072 τῆς
387 2022 494 2071 δίκης
519 2020 616 2073 πρὸς
644 2019 776 2065 αὐτόν,
804 2020 896 2060 ἰδὼν
929 2019 980 2061 ὡς
1009 2018 1202 2061 διάκεισθ’
1231 2020 1339 2070 ὑμεῖς
1369 2018 1465 2071 πρὸς

79 2107 119 2129 20
137 2089 227 2130 τοὺς
262 2090 354 2129 λίαν
393 2089 560 2129 ἀναιδῶς
596 2088 836 2132 ἀδικοῦντας,
869 2086 1002 2128 ἔννους
1039 2087 1229 2139 γίγνεται,
1263 2086 1325 2125 καὶ
1358 2087 1466 2126 δεινὰ

138 2154 312 2208 πάσχειν
329 2153 509 2206 ἡγήσατο
535 2153 663 2204 δόξειν
691 2155 759 2204 ἐμὲ
783 2153 985 2193 τοσούτων
1009 2152 1221 2206 χρημάτων
1247 2153 1464 2204 ἀπεστερη-

181 2264 322 2295 Titulus.
347 2266 426 2296 Κατ’
437 2263 608 2303 Ὀνήτορος
621 2263 651 2293 D
661 2262 1024 2303 (postArgumentum)
1036 2267 1138 2301 recte,
1150 2262 1330 2301 Harpocr.‚
1340 2261 1464 2292 Caecil.

137 2308 176 2339 fr.
196 2309 256 2346 164
316 2308 336 2338 8
361 2310 409 2339 ἐπὶ
423 2308 505 2338 secl.
522 2307 618 2338 BlaSS
682 2316 716 2336 ΙΙ
742 2305 976 2348 προειρημένων
994 2305 1018 2337 S
1079 2306 1212 2338 τούτους
1225 2307 1285 2344 τὴν
1302 2308 1417 2345 προῖκα
1434 2304 1465 2334 Α

141 2352 179 2382 16
203 2352 253 2383 καὶ
266 2351 392 2390 τίθησιν
411 2351 434 2382 S
447 2351 478 2381 A
491 2362 498 2381 ε
522 2350 733 2388 κατατίθησιν
747 2350 776 2380 D
790 2361 795 2381 :
822 2353 905 2382 κᾶτα
917 2350 1045 2388 τίθησιν
1055 2349 1082 2379 F
1172 2350 1210 2379 18
1226 2347 1340 2389 τοῦτο]
1355 2351 1464 2381 τᾶλλα

138 2395 162 2426 S
177 2406 183 2426 :
207 2396 247 2426 τὰ
265 2395 349 2427 ἄλλα
363 2394 395 2424 Α
532 2405 569 2434 19
592 2393 681 2435 ἰδὼν]
702 2395 790 2427 εἰδὼς
806 2393 838 2424 Α
926 2395 1074 2426 διεκεισθ’
1092 2392 1116 2423 S

1499 1424 1614 1479 [876]
