1685 2772
133 1176 174 1212 37

634 119 1127 158 ΔΗΜΟΣΘΕΝΟΤΣ
1403 115 1536 170 [xxvn

209 233 339 273 τοίνυν
366 231 386 272 ὃ
411 233 484 282 μὲν
509 231 582 285 οὐχ
603 230 747 283 ἅθρουν
765 229 936 281 ἐλήφθη,
966 230 1115 283 σχεδόν
1136 231 1238 270 εἰσιν
1264 229 1537 282 ἑβδομήκοντα

209 303 305 350 μναῖ
340 299 402 339 καὶ
432 298 543 344 ἑπτά,
577 298 601 348 ἡ
631 298 829 350 πρόσοδος
858 297 880 347 ἡ
916 297 992 337 ἀπὸ
1023 301 1102 338 τῶν
1137 297 1406 349 ἀνδραπόδων,
1445 296 1466 338 ὃ
1501 297 1535 339 δ’

210 366 322 408 εὐθὺς
360 366 513 416 ἔλαβον
548 364 665 410 οὗτοι,
700 367 837 416 μικροῦ
873 363 1013 404 δέοντα
1045 363 1210 416 τέτταρα
1246 364 1434 405 τάλαντα·
1478 366 1536 407 οἷς

209 436 252 473 τὸ
290 432 405 485 ἔργον
441 432 489 472 ἂν
525 430 717 484 προσθῆτ’
755 432 820 471 ἐπὶ
854 433 1011 487 δραχμῇ
1044 432 1167 482 μόνον
1203 435 1280 472 τῶν
1313 430 1392 471 δέκ’
1422 432 1534 478 ἐτῶν,

209 500 309 539 ὀκτὼ
333 498 495 539 τάλανθ’
521 498 709 551 εὑρήσετε
733 497 807 538 σὺν
833 501 915 539 τοῖς
941 498 1118 550 ἀρχαίοις
1149 499 1211 539 καὶ
1241 499 1376 551 χιλίας
1401 515 1533 551 γιγνο-

207 566 337 616 μένας.
398 566 469 616 τὴν
494 568 565 616 μὲν
589 567 721 605 τοίνυν
746 564 900 617 τροφὴν
925 564 1002 605 ἀπὸ
1027 568 1105 605 τῶν
1131 564 1404 616 ἑβδομήκοντα
1427 569 1537 617 μνῶν

209 634 270 673 καὶ
307 635 405 673 ἑπτὰ
434 632 649 685 λογιστέον
683 636 762 672 τῶν
792 631 870 672 ἀπὸ
901 635 972 671 τοῦ
1004 633 1264 684 ἐργαστηρίου
1298 632 1534 685 γενομένων.

209 700 458 751 Θηριππίδης
484 701 559 752 γὰρ
584 701 684 740 ἑπτὰ
707 702 807 751 μνᾶς
832 700 960 739 ἐδίδου
980 698 1064 739 καθ’
1085 699 1254 740 ἕκαστον
1273 699 1340 740 τὸν
1359 700 1538 741 ἐνιαυτὸν

209 769 262 809 εἰς
299 770 430 813 ταῦτα,
474 767 535 807 καὶ
572 767 685 817 ἡμεῖς
727 770 842 806 τοῦτο
880 769 1026 817 λαβεῖν
1068 767 1351 819 ὁμολογοῦμεν.
1438 767 1537 808 ὥσθ’

207 833 481 884 ἑβδομήκοντα
504 837 612 884 μνῶν
639 835 681 874 ἐν
706 837 788 875 τοῖς
818 832 896 874 δέκ’
923 833 1057 874 ἔτεσιν
1088 833 1243 886 τροφὴν
1271 833 1419 875 τούτων
1444 834 1537 886 ἡμῖν

207 902 481 951 ἀνηλωκότων,
509 902 554 941 τὸ
580 900 714 952 περιὸν
747 903 817 942 τὰς
850 900 1091 942 ἑπτακοσίας
1127 901 1364 953 προστίθημ’
1391 901 1534 948 αὐτοῖς,

208 968 270 1007 καὶ
302 968 448 1007 τούτων
477 968 602 1008 πλείω
641 968 719 1018 εἰμὶ
752 967 937 1017 τεθηκώς.
1029 965 1050 1007 δ
1076 966 1109 1007 δ’
1136 968 1222 1018 ἐμοὶ
1258 967 1537 1019 δοκιμασθέντι

207 1034 432 1086 παρέδοσαν
459 1035 520 1074 καὶ
546 1035 644 1074 ὅσον
671 1035 725 1076 εἰς
751 1033 823 1084 τὴν
850 1035 970 1074 πόλιν
997 1034 1317 1088 εἰσενηνόχασιν,
1336 1033 1437 1074 τοῦτ’
1459 1034 1537 1075 ἀπὸ

205 1104 283 1141 τῶν
315 1102 414 1141 ὀκτὼ
450 1100 658 1141 ταλάντων
692 1101 754 1140 καὶ
785 1104 853 1140 τοῦ
888 1101 1111 1152 προσόντος
1145 1100 1381 1153 ἀφαιρετέον
1411 1101 1534 1141 ἐστίν.

207 1167 407 1208 ἀπέδοσαν
431 1170 502 1218 μὲν
535 1169 668 1208 τοίνυν
699 1167 810 1210 οῦτος
846 1167 908 1207 καὶ
936 1168 1189 1219 Θηριππίδης
1217 1168 1310 1219 μίαν
1341 1168 1402 1208 καὶ
1428 1166 1534 1219 τριά-

191 1251 324 1274 -κοντα
339 1238 449 1285 μνᾶς,
467 1236 661 1287 εἰσφορὰς
682 1238 701 1274 δ
721 1233 1036 1286 ἐἰσενηνοχέναι
1055 1234 1282 1286 λογίζονται
1300 1237 1405 1275 δυοῖν
1425 1234 1533 1274 δεού-

208 1317 279 1341 σας
301 1303 427 1341 εἵκοσι
444 1304 554 1352 μνᾶς.
606 1302 684 1353 ἐγὼ
706 1301 738 1341 δ’
755 1301 1000 1353 ὑπερβαλὼν
1020 1304 1135 1341 τοῦτο
1155 1300 1309 1351 ποιήσω
1329 1301 1537 1353 τριάκοντα

205 1371 317 1418 μνᾶς,
349 1370 412 1408 ἵνα
441 1368 537 1420 πρὸς
565 1372 686 1408 ταῦτα
719 1367 808 1418 μηδ’
839 1369 1038 1408 ἀντειπεῖν
1076 1368 1238 1422 ἔχωσιν.
1322 1368 1461 1409 οὐκοῦν
1489 1368 1537 1409 ἂν

206 1434 384 1487 ἀφέλητε
419 1435 463 1475 τὸ
498 1434 695 1475 τάλαντον
733 1434 809 1475 ἀπὸ
846 1438 923 1474 τῶν
960 1435 1060 1475 ὀκτὼ
1097 1434 1317 1482 ταλάντων,
1356 1437 1454 1477 ἑπτὰ
1488 1438 1538 1476 τὰ

205 1502 407 1553 λειπόμεν’
436 1502 534 1547 ἐστί,
563 1502 624 1541 καὶ
649 1505 781 1548 ταῦτα,
809 1501 857 1552 ἐξ
877 1503 931 1542 ὧν
957 1501 1066 1542 αὐτοὶ
1099 1506 1246 1553 λαβεῖν
1279 1504 1534 1555 ὁμολογοῦσι,

204 1569 363 1610 τούτους
388 1569 496 1622 ἔχειν
523 1569 632 1609 ἐστὶν
659 1570 887 1621 ἀναγκαῖον.
958 1571 1073 1608 τοῦτο
1101 1571 1245 1616 τοίνυν,
1274 1571 1306 1610 εἰ
1327 1570 1388 1609 καὶ
1408 1569 1537 1610 τᾶλλα

205 1635 318 1675 πάντ’
339 1637 631 1687 ἀποστεροῦσιν
652 1636 884 1687 ἀρνούμενοι
911 1635 964 1686 μὴ
991 1636 1110 1688 ἔχειν,
1143 1637 1358 1676 ἀποδοῦναι
1383 1639 1534 1689 προσῆ-

208 1719 284 1747 κεν,
326 1702 617 1754 ὁμολογοῦντάς
660 1719 705 1754 γε
745 1706 891 1753 λαβεῖν
933 1702 1039 1742 ταῦτ’
1078 1704 1120 1743 ἐκ
1163 1707 1240 1744 τῶν
1280 1705 1395 1754 ἐμῶν.
1467 1706 1536 1744 νῦν

207 1771 248 1809 δὲ
272 1770 313 1809 τί
335 1773 536 1815 ποιοῦσιν;
576 1769 691 1821 ἔργον
721 1772 793 1820 μὲν
829 1770 941 1809 οὐδὲν
975 1770 1246 1822 ἀποφαίνουσι
1271 1775 1353 1812 τοῖς
1382 1769 1533 1824 χρήμα-

207 1853 285 1881 σιν,
321 1835 417 1876 αὐτὰ
450 1839 491 1877 δὲ
524 1838 572 1876 τὰ
606 1837 752 1889 ἀρχαῖα
785 1836 899 1877 πάντ’
933 1836 1180 1887 ἀνηλωκέναι
1210 1837 1313 1889 φασὶ
1347 1837 1420 1877 σὺν
1452 1840 1536 1879 ταῖς

206 1903 303 1943 ἑπτὰ
328 1903 391 1942 καὶ
417 1902 690 1953 ἑβδομήκοντα
715 1907 842 1954 μναῖς·
883 1907 1088 1955 Δημοφῶν
1123 1906 1164 1945 δὲ
1195 1904 1257 1944 καὶ
1293 1903 1389 1956 πρὸς
1421 1905 1532 1956 ὀφεί-

205 1974 348 2011 λοντας
385 1969 485 2020 ἡμᾶς
528 1969 741 2022 ἐνέγραψε.
815 1969 921 2010 ταῦτ’
955 1970 999 2010 οὐ
1031 1969 1185 2023 μεγάλη
1224 1971 1285 2011 καὶ
1315 1970 1535 2023 περιφανὴς

253 2088 265 2108 r
293 2080 354 2119 οὐχ
370 2078 482 2120 ἅθρουν
501 2079 601 2109 Dind.
622 2089 629 2109 t
655 2092 711 2111 ουκ
728 2083 841 2121 αθρουν
858 2078 914 2118 (S)
931 2079 985 2109 vel
1004 2080 1114 2117 ἄθρουν
1125 2079 1179 2110 vel
1197 2078 1309 2120 ἀθρόον
1324 2080 1418 2111 codd.
1515 2089 1534 2110 2

205 2122 346 2153 alterum
363 2123 383 2160 ἡ
401 2133 468 2154 om.
490 2122 556 2153 SA
701 2132 720 2161 3
745 2122 861 2154 δέοντα
879 2122 902 2152 S
920 2134 927 2152 :
953 2121 1025 2154 δέον
1041 2127 1119 2153 cett.
1255 2133 1274 2160 4
1299 2123 1479 2165 πρόσεργον
1495 2123 1532 2162 S,

205 2166 244 2195 cf.
264 2168 300 2203 ᾗῇ
322 2176 370 2205 17,
387 2176 430 2205 39
505 2169 653 2208 δραχμην
666 2165 690 2196 S
794 2175 813 2203 5
838 2166 948 2205 χιλίας
965 2166 1082 2197 codd.:
1108 2167 1374 2207 τετρακισχιλίας
1392 2166 1532 2206 Reiske,

206 2215 296 2239 recte
317 2215 396 2248 puto
542 2219 559 2248 7
583 2208 767 2250 γενομένων
786 2208 810 2239 S
824 2208 855 2238 A
871 2219 877 2238 :
901 2208 1102 2249 ’γιγνομένων
1118 2209 1205 2248 vulg.
1350 2210 1371 2239 8
1393 2211 1450 2241 τὸν
1467 2220 1532 2241 om.

206 2253 236 2282 A
249 2253 274 2282 F
409 2263 448 2283 10
472 2255 551 2292 μνᾶς
568 2252 600 2282 Α
705 2253 814 2284 ἔτεσιν
831 2254 874 2284 εἷς
890 2251 921 2281 Α
1057 2262 1095 2282 12
1118 2252 1243 2284 τούτων
1259 2252 1283 2283 S
1299 2263 1305 2284 :
1330 2253 1435 2294 τούτῳ
1454 2258 1531 2285 cett.

207 2297 329 2327 πλείον’
344 2296 443 2326 Blass
459 2296 533 2327 coll.
550 2296 654 2326 xxviii
675 2305 696 2334 9
784 2296 933 2327 τεθεικώς
949 2296 1044 2326 codd.
1132 2305 1168 2335 17
1185 2301 1262 2326 ante
1275 2297 1374 2328 τοῦτο
1389 2296 1464 2327 add.
1481 2297 1532 2328 καὶ

209 2339 232 2369 S
247 2350 331 2370 corr.
354 2339 573 2379 (compendio
591 2339 879 2379 superscriptum)
900 2338 946 2369 F:
971 2349 1035 2369 om.
1055 2339 1092 2370 Sl
1107 2339 1138 2369 A
1271 2350 1314 2371 20
1337 2341 1533 2380 ὁμολογοῦσι

207 2385 323 2420 λαβεῖν
340 2382 365 2412 F
467 2392 505 2413 21
533 2382 684 2422 τούτους]
703 2382 828 2414 τούτοις
848 2382 879 2411 Α
979 2391 1019 2420 25
1047 2382 1243 2421 ἀνηλωκέναι
1261 2382 1312 2414 Α;
1337 2382 1532 2415 ἀναλωκέναι

207 2427 293 2465 vulg.
384 2427 426 2456 26
450 2427 524 2467 πρὸς
541 2426 732 2467 ὀφείλοντας
749 2425 881 2455 divisim
899 2425 1055 2455 Foerster

1560 856 1600 878 10

1559 1524 1598 1546 20
