1685 2772
64 123 182 180 [985]

62 1439 185 1495 [986]

168 1548 184 1584 5

635 133 1123 171 ΔΗΜΟΣΘΕΝΟΎΣ
1361 128 1545 182 [xxxvm

216 245 342 285 αὐτῶν
368 243 581 298 χρημάτων
606 243 750 290 πάσας,
778 245 1014 296 τρισχιλίων
1049 242 1235 294 ἑκάστην,
1263 242 1442 294 βλάβης·
1484 245 1546 285 καὶ

215 312 298 352 νυνὶ
324 311 420 363 πρὸς
441 310 650 363 τριάκοντα
663 314 772 361 μνῶν
792 311 1032 362 ἐπίγραμμα,
1054 312 1152 362 ὑπὲρ
1170 310 1372 351 τοσούτων
1392 312 1544 365 χρημά-

215 395 293 419 των
319 380 373 420 εἷς
399 380 534 430 ἀγῶνα
559 378 821 429 καθέσταμεν.
892 377 964 428 τὴν
988 380 1059 429 μὲν
1085 378 1153 418 οὗν
1179 379 1450 430 συκοφαντίαν
1476 379 1547 429 τὴν

215 446 375 491 τούτων,
410 445 470 484 καὶ
503 445 588 495 μεθ’
614 446 713 495 ὅσης
747 446 967 495 ἐπιβουλῆς
993 445 1238 495 ἐληλύθασιν
1263 445 1327 497 ἐφ’
1352 446 1466 496 ἡμᾶς,
1506 445 1551 496 ἐξ

217 513 343 553 αὐτῶν
363 516 439 553 τῶν
465 511 753 564 πεπραγμένων
785 513 960 553 εἴσεσθε.
1022 512 1295 564 ἀναγνώσεται
1322 514 1363 552 δὲ
1394 517 1548 564 πρῶτον
1569 534 1586 564 5

216 582 307 632 ὑμῖν
332 582 400 622 τὰς
425 581 650 632 μαρτυρίας,
679 579 729 622 ὡς
756 581 931 631 ἀφεῖσαν
956 579 1024 619 τὸν
1045 578 1179 631 πατέρ’
1206 579 1315 629 ἡμῶν
1334 580 1388 619 ὧν
1413 579 1545 619 ἐνεκά-

217 653 344 688 λεσαν
371 648 424 689 εἰς
449 646 520 696 τὴν
546 645 774 698 ἐπιτροπήν·
827 648 925 685 κατὰ
950 648 1025 698 γὰρ
1051 649 1164 686 τοῦτο
1192 646 1254 686 καὶ
1287 646 1546 698 παρεγραψά-

217 717 318 765 μεθα
341 714 392 765 μὴ
421 714 688 766 εἰσαγώγιμον
716 713 816 754 εἶναι
848 713 920 763 τὴν
945 715 1068 763 δίκην.
1143 714 1207 753 καί
1228 730 1294 764 μοι
1325 712 1421 765 λέγε
1455 731 1545 754 ταυ-

217 781 310 822 τασὶ
335 783 404 823 τὰς
428 781 652 833 μαρτυρίας.

766 872 992 900 ΜΑΡΤΎῬΙΑΙ.
1572 882 1611 904 10

277 954 371 995 ‘'Orc
395 956 468 1005 μὲν
492 955 637 1001 τοίνυν,
664 952 693 994 ὦ
720 953 858 1005 ἄνδρες
883 954 1078 999 δικασταί,
1098 953 1160 993 καὶ
1181 954 1288 996 δίκας
1308 954 1456 1007 ἔλαχον
1481 957 1549 1004 τῆς

218 1024 430 1074 ἐπιτροπῆς
459 1022 521 1062 καὶ
548 1022 725 1074 ἀφεῖσαν
742 1021 884 1062 ταύτας
905 1020 967 1060 καὶ
986 1022 1036 1060 τὰ
1054 1021 1363 1075 συγχωρηθέντα
1379 1020 1548 1075 χρήματ’

218 1091 396 1144 ἔχουσιν,
414 1089 575 1129 ἀκούετε
593 1092 671 1129 τῶν
695 1092 931 1140 μαρτυριῶν.
992 1088 1054 1127 ὅτι
1079 1087 1112 1128 δ’
1137 1088 1205 1128 οὐκ
1228 1090 1349 1129 ἐῶσιν
1374 1090 1410 1129 οῖ
1436 1089 1550 1139 νόμοι

217 1158 305 1210 περὶ
341 1160 418 1197 τῶν
455 1158 554 1197 οὕτω
593 1155 852 1209 πραχθέντων
885 1155 994 1196 αὖθις
1031 1154 1271 1205 δικάζεσθαι,
1298 1156 1441 1207 νομίζω
1477 1158 1549 1206 μὲν

218 1224 394 1265 ἅπαντας
419 1225 517 1274 ὑμᾶς
543 1222 700 1269 εἰδέναι,
724 1221 794 1262 κᾶν
818 1224 940 1273 μηδὲν
961 1223 1058 1262 ε’ίπω
1076 1223 1165 1274 περὶ
1189 1222 1317 1263 αὐτῶν
1337 1223 1427 1275 ἐγώ,
1449 1223 1547 1274 βού-
1572 1246 1608 1277 15

217 1297 339 1343 λομαι
364 1291 396 1331 δ’
423 1292 527 1342 ὅμως
555 1291 618 1331 καὶ
643 1290 711 1330 τὸν
739 1290 860 1340 νόμον
885 1290 975 1340 ὑμῖν
1002 1289 1120 1330 αὐτὸν
1145 1290 1383 1343 ἀναγνῶναι.
1452 1289 1549 1343 λέγε

219 1359 286 1400 τὸν
311 1359 445 1409 νόμον.

800 1448 958 1478 ΝΟΜΟΣ.

285 1532 472 1579 Ἀκούετ’,
501 1531 530 1573 ὦ
556 1531 694 1583 ἄνδρες
721 1531 917 1576 δικασταί,
945 1533 1013 1569 τοῦ
1047 1530 1167 1581 νόμου
1193 1535 1332 1583 σαφῶς
1358 1530 1548 1584 λέγοντος

219 1601 381 1646 ἕκαστα,
405 1601 458 1640 ὧν
477 1599 529 1650 μὴ
556 1598 656 1639 εἶναι
683 1599 805 1639 δίκας·
844 1598 899 1637 ὧν
926 1597 967 1637 ἕν
985 1598 1110 1644 ἐστιν,
1134 1598 1276 1648 ὁμοίως
1301 1602 1383 1640 τοῖς
1409 1598 1548 1641 ἄλλοις
1570 1624 1610 1645 20

219 1668 362 1720 κύριον,
391 1668 479 1718 περὶ
504 1668 559 1706 ὧν
585 1665 631 1706 ἄν
664 1682 722 1707 τις
749 1666 834 1721 ἀφῇ
869 1665 930 1705 καὶ
965 1663 1192 1721 ἀπαλλάξῃ,
1219 1665 1272 1716 μὴ
1307 1665 1545 1716 δικάζεσθαι.

218 1735 318 1774 οὕτω
344 1735 474 1775 τοίνυν
495 1734 557 1773 καὶ
581 1735 680 1784 μετὰ
707 1736 870 1772 πολλῶν
895 1732 1100 1784 μαρτύρων
1125 1734 1194 1782 τῆς
1220 1731 1405 1784 ἀφέσεως
1430 1750 1545 1785 γεγο-

218 1803 338 1848 νυίας,
367 1802 429 1842 καὶ
460 1805 640 1854 φανερῶς
678 1799 924 1842 ἀπολύοντος
957 1799 1058 1850 ἡμᾶς
1094 1803 1162 1839 τοῦ
1195 1800 1328 1851 νόμου,
1360 1801 1414 1842 εἰς
1444 1799 1548 1840 τοῦτ’

219 1869 464 1920 ἐληλύθασιν
490 1869 773 1922 ἀναισχυντίας
800 1868 906 1908 οὗτοι
937 1867 1000 1908 καὶ
1032 1868 1193 1918 τόλμης,
1221 1868 1326 1908 ὥστε
1350 1867 1548 1920 τεττάρων

217 1939 289 1988 μὲν
322 1938 385 1978 καὶ
416 1936 494 1977 δέκ’
532 1939 629 1978 ἐτῶν
667 1937 940 1990 γεγενημένων
976 1935 1046 1988 ἀφ’
1084 1935 1128 1975 οὗ
1165 1935 1233 1976 τὸν
1270 1935 1405 1987 πατέρ’
1437 1935 1547 1987 ἡμῶν
1568 1957 1606 1989 25

220 2005 406 2056 ἀφεῖσαν,
430 2007 556 2045 ε’ίκοσι
581 2008 622 2046 δὲ
649 2006 710 2046 καὶ
738 2009 844 2047 δυοῖν
865 2005 934 2057 ἀφ’
961 2004 1005 2044 οὗ
1030 2003 1298 2058 τυγχάνουσιν
1325 2005 1544 2056 ἐγγεγραμ-

218 2070 341 2122 μένοι,
362 2074 685 2124 τετελευτηκότος
712 2077 753 2114 δὲ
781 2075 842 2114 καὶ
869 2078 937 2114 τοῦ
963 2072 1108 2125 πατρὸς
1133 2076 1202 2112 τοῦ
1228 2071 1428 2123 ἡμετέρου,
1450 2070 1546 2123 πρὸς

220 2137 263 2178 ὃν
289 2139 420 2181 αὐτοῖς
437 2140 612 2193 ἐγένονθ’
630 2144 669 2182 αἱ
696 2143 922 2194 διαλλαγαί,
951 2141 1013 2180 καὶ
1039 2144 1117 2180 τῶν
1134 2140 1368 2191 ἐπιτρόπων,
1388 2139 1423 2179 οἳ
1447 2139 1547 2189 μετὰ

267 2262 279 2281 1
308 2251 450 2290 ἑκάστην
466 2252 515 2283 A:
543 2252 685 2290 ἑκάστης
702 2252 791 2290 vulg.
879 2263 898 2282 2
923 2251 1016 2293 ὑπὲρ]
1037 2253 1085 2284 ἐπὶ
1105 2251 1141 2283 S¹
1219 2261 1237 2290 5
1256 2251 1316 2291 μὲν
1329 2256 1406 2291 post
1423 2255 1547 2292 πρῶτον

220 2295 317 2326 omisi
335 2306 408 2326 cum
429 2295 496 2326 SA
578 2297 599 2326 6
623 2295 775 2336 ἀφεῖσαν]
796 2310 821 2327 ει
840 2296 873 2326 in
893 2306 956 2326 ras.
973 2296 996 2326 S
1013 2296 1067 2326 hic
1085 2301 1119 2326 et
1136 2295 1188 2326 bis
1202 2295 1286 2325 infra
1358 2306 1393 2325 11
1414 2296 1464 2327 καὶ
1477 2305 1542 2327 om.

221 2339 287 2377 FQ
369 2349 406 2378 13
430 2343 610 2381 μαρτυριῶν
627 2338 713 2369 SA:
737 2339 903 2381 μαρτύρων
919 2339 1008 2378 vulg.
1093 2349 1130 2378 15
1155 2339 1296 2371 ἅπαντας
1309 2341 1386 2378 ὑμᾶς
1401 2338 1443 2369 S:
1469 2341 1546 2378 ὑμᾶς

220 2382 362 2416 ἅπαντας
380 2383 466 2422 vulg.
573 2393 615 2413 20
640 2382 673 2414 ἕν
692 2393 755 2413 om.
776 2382 808 2412 A
905 2393 944 2413 21
972 2383 1088 2424 κυρίοις
1106 2383 1130 2413 S
1224 2384 1266 2412 26
1291 2382 1546 2423 ἐγγεγραμμένοι

220 2426 269 2457 A:
294 2426 509 2468 γεγραμμένοι
529 2426 617 2465 vulg.
755 2427 796 2456 28
820 2427 997 2467 διαλλαγαί
1014 2426 1048 2466 S,
1069 2426 1110 2457 cf.
1131 2429 1146 2463 ξ
1165 2436 1201 2464 13
1218 2437 1223 2455 :
1249 2426 1438 2466 ἀπαλλαγαί
1456 2426 1544 2464 vulg.
