1685 2772
145 77 276 132 xxxv]
322 54 331 60 -
546 82 706 119 ΠΡΟΣ
753 81 1070 119 ΛΑΚΡΙΤΟΝ

143 209 266 244 μαντο
292 192 354 233 καὶ
379 193 552 245 ἐχρῶντο
578 192 600 232 ὅ
618 209 655 232 τι
674 192 801 231 ἐδόκει
819 190 984 236 τούτοις,
1015 191 1110 229 κατὰ
1137 192 1177 230 δὲ
1202 188 1273 239 τὴν
1300 205 1474 240 συγγρα-

145 260 227 313 φὴν
243 259 314 310 τὴν
328 258 526 309 ναυτικήν,
547 258 632 299 καθ’
646 258 694 308 ἣν
712 258 865 309 ἔλαβον
884 259 933 297 τὰ
950 255 1145 310 χρήματα,
1164 256 1251 296 οὔτε
1266 254 1370 307 μέγα
1389 256 1478 296 οὔτε

143 326 283 378 μικρὸν
318 326 524 377 ἔπραττον,
552 326 603 367 ὡς
633 324 727 365 αὐτὸ
759 324 804 364 τὸ
838 324 954 376 ἔργον
988 322 1204 373 ἐδήλωσεν.
1261 322 1399 362 οὑτοσὶ
1437 324 1477 363 δὲ

145 393 338 445 Λάκριτος
368 392 553 432 ἁπάντων
579 392 626 443 ἦν
650 393 799 432 τούτων
826 392 846 430 ὁ
870 389 1077 443 ἐξηγητής.
1133 389 1217 430 καθ’
1244 390 1413 430 ἕκαστον
1438 391 1479 429 δὲ

105 481 123 513 5
143 463 220 500 τῶν
259 458 540 512 γεγραμμένων
579 461 622 500 ἐν
654 465 701 516 τῇ
735 463 951 514 συγγραφῇ
985 455 1166 506 ἐπιδείξω
1201 456 1360 498 τούτους
1399 455 1478 496 οὐδ’

144 528 274 567 ὁτιοῦν
299 526 562 577 πεποιηκότας
585 525 705 578 ὑγιές.

212 597 379 645 Πρῶτον
427 595 498 644 μὲν
544 595 620 645 γὰρ
660 591 882 645 γέγραπται
928 592 987 632 ὅτι
1029 590 1090 631 ἐπ’
1133 592 1240 631 οἴνου
1284 592 1481 642 κεραμίοις

145 661 385 714 τρισχιλίοις
415 660 658 710 ἐδανείζοντο
687 659 779 711 παρ’
810 659 919 710 ἡμῶν
948 660 1017 700 τὰς
1047 656 1258 710 τριάκοντα
1288 661 1402 708 μνᾶς,
1430 657 1481 699 ὡς

144 727 398 781 ὑπαρχούσης
423 727 554 769 αὐτοῖς
578 725 778 777 ὑποθήκης
807 725 953 779 ἑτέρων
983 724 1194 777 τριάκοντα
1223 728 1344 776 μνῶν,
1376 725 1481 765 ὥστε

86 815 126 839 10
146 796 200 837 εἷς
223 794 421 835 τάλαντον
446 795 631 846 ἀργυρίου
656 793 728 844 τὴν
753 793 870 844 τιμὴν
897 792 997 833 εἶναι
1022 796 1092 832 τοῦ
1112 793 1219 832 οἴνου
1241 791 1477 843 καθισταμέ-

145 879 229 912 νην,
258 861 332 902 σὺν
359 865 439 902 τοῖς
470 861 742 912 ἀναλώμασιν,
777 861 857 900 ὅσα
889 860 968 901 ἔδει
1001 860 1293 900 ἀναλίσκεσθαι
1326 860 1381 901 εἰς
1409 859 1481 909 τὴν

147 927 391 978 κατασκευὴν
427 928 498 979 τὴν
535 928 623 980 περὶ
655 927 724 968 τὸν
761 927 882 968 οἶνον·
922 928 971 967 τὰ
1005 929 1047 967 δὲ
1080 927 1286 980 τρισχίλια
1319 926 1481 979 κεράμια

146 996 315 1049 ἄγεσθαι
338 999 462 1035 ταῦτα
486 996 542 1036 εἷς
565 994 634 1035 τὸν
660 995 819 1035 Πόντον
837 995 878 1034 ἐν
898 1000 946 1051 τῇ
967 994 1159 1048 εἰκοσόρῳ
1185 992 1233 1043 ἣν
1258 993 1482 1045 (Ὑβλήσιος

146 1061 388 1114 ἐναυκλήρει.
443 1061 662 1114 γέγραπται
680 1063 752 1112 μὲν
771 1065 893 1101 ταῦτα
913 1063 955 1102 ἐν
975 1067 1023 1118 τῇ
1045 1066 1274 1117 συγγραφῇ,
1297 1059 1325 1100 ὦ
1346 1060 1481 1111 ἄνδρες

87 1149 124 1181 15
147 1129 338 1175 δικασταί,
367 1128 412 1179 ἧς
436 1129 547 1179 ὑμεῖς
572 1128 778 1178 ἀκηκόατε·
817 1128 926 1169 οὗτοι
952 1130 994 1169 δὲ
1023 1128 1111 1168 ἀντὶ
1141 1132 1217 1168 τῶν
1246 1128 1481 1180 τρισχιλίων

148 1196 341 1248 κεραμίων
373 1195 462 1236 οὐδὲ
486 1195 730 1236 πεντακόσια
761 1194 924 1247 κεράμια
956 1196 1010 1236 εἰς
1040 1198 1085 1235 τὸ
1115 1198 1256 1235 πλοῖον
1286 1193 1479 1240 ἐνέθεντο,

147 1262 238 1303 ἀλλ’
268 1263 354 1303 ἀντὶ
385 1265 453 1301 τοῦ
479 1260 703 1314 ἠγοράσθαι
731 1262 862 1303 αὐτοῖς
893 1261 961 1302 τὸν
992 1261 1111 1308 οἶνον,
1138 1263 1236 1302 ὅσον
1265 1263 1479 1313 προσῆκεν,

146 1333 228 1371 τοῖς
252 1327 453 1383 χρήμασιν
478 1330 653 1381 ἐχρῶντο
679 1329 701 1368 ὅ
724 1345 762 1368 τι
783 1329 911 1369 ἐδόκει
937 1329 1102 1375 τούτοις,
1123 1330 1171 1369 τὰ
1191 1330 1232 1369 δὲ
1251 1327 1415 1380 κεράμια
1433 1330 1481 1368 τὰ

147 1397 352 1449 τρισχίλια
377 1394 456 1436 οὐδ’
483 1394 713 1446 ἐμέλλησαν
738 1395 827 1436 οὐδὲ
855 1395 1117 1446 διενοήθησαν
1146 1395 1332 1436 ἐνθέσθαι
1357 1396 1412 1436 εἰς
1437 1394 1480 1435 τὸ

87 1481 127 1503 20
146 1467 288 1504 πλοῖον
322 1463 417 1502 κατὰ
449 1462 520 1512 τὴν
554 1461 807 1516 συγγραφήν.
879 1464 940 1502 ὅτι
972 1462 1005 1502 δ’
1038 1463 1166 1513 ἀληθῆ
1202 1466 1322 1502 ταῦτα
1356 1461 1478 1514 λέγω,

145 1533 253 1581 λαβὲ
285 1529 356 1580 τὴν
391 1530 604 1582 μαρτυρίαν
639 1534 719 1570 τῶν
751 1530 1039 1581 συμπλεόντων
1072 1531 1113 1570 ἐν
1143 1533 1194 1584 τῷ
1225 1528 1326 1584 αὐτῷ
1352 1530 1479 1584 πλοίῳ

146 1598 309 1640 τούτοις.

705 1692 917 1720 ΜΑΡΤΤΡῙΑ.

200 1764 427 1815 Ἐρασικλῆς
445 1768 624 1815 μαρτυρεῖ
652 1766 835 1815 κυβερνᾶν
864 1766 931 1814 τὴν
959 1767 1045 1803 ναῦν
1072 1762 1117 1812 ἢν
1143 1763 1352 1812 (Υβλήσιος
1376 1766 1473 1801 ἐναυ-

88 1837 127 1869 25
149 1821 286 1870 κλήρει,
309 1821 367 1858 καὶ
396 1821 527 1859 εἰδέναι
554 1820 844 1869 Ἀπολλόδωρον
874 1820 1058 1871 ἀγόμενον
1089 1821 1126 1856 ἐν
1155 1821 1204 1869 τῷ
1234 1818 1351 1868 πλοίῳ
1380 1818 1479 1856 οἴνου

148 1875 334 1913 Μενδαίου
364 1876 517 1924 κεράμια
540 1874 762 1924 τετρακόσια
790 1875 1027 1923 πεντήκοντα,
1062 1873 1121 1910 καὶ
1150 1874 1192 1910 οὐ
1220 1872 1344 1909 πλείω
1379 1873 1479 1910 ἄλλο

149 1929 187 1968 δὲ
206 1929 320 1979 μηδὲν
344 1930 534 1981 ἀγώγιμον
564 1928 723 1979 ἄγεσθαι
743 1932 780 1967 ἐν
803 1932 853 1980 τῷ
880 1929 999 1980 πλοίῳ
1019 1926 1312 1976 Ἀπολλόδωρον
1339 1928 1388 1965 εἷς
1415 1927 1479 1964 τὸν

149 1985 305 2022 Πόντον.

203 2038 347 2077 Ἱππίας
365 2037 596 2086 Ἀθηνίππου
627 2037 935 2086 Αλικαρνασσεὺς
958 2038 1137 2085 μαρτυρεῖ
1159 2037 1347 2086 συμπλεῖν
1373 2037 1411 2073 ἐν
1432 2036 1480 2085 τῇ

90 2105 132 2136 3ο
151 2093 366 2142 εΥβλησιόυ
386 2093 446 2141 νηὶ
466 2091 642 2129 διοπεύων
668 2091 736 2139 τὴν
754 2093 852 2135 ναῦν,
876 2090 936 2128 καὶ
958 2090 1087 2128 εἰδέναι
1108 2090 1396 2140 Ἀπολλόδωρον
1414 2089 1478 2127 τὸν

194 2191 215 2221 8
241 2189 439 2230 ἐδανείζοντο
459 2190 504 2220 S:
531 2188 708 2229 ἐδανείζετο
730 2188 794 2228 FQ
809 2189 860 2219 D:
886 2189 1092 2221 ἐδανείσαντο
1110 2189 1141 2219 Α
1159 2189 1274 2220 (Blass
1292 2189 1365 2220 coll.
1386 2192 1401 2227 ξ
1423 2189 1476 2228 Ιο)

154 2244 189 2266 11
217 2235 277 2266 ὅσα
294 2234 318 2264 S
334 2233 423 2272 vulg.
443 2244 448 2263 :
475 2232 520 2265 οἷς
536 2233 566 2263 Α
673 2242 711 2271 13
736 2234 869 2273 ἄγεσθαι
886 2234 989 2264 ταῦτα
1005 2232 1029 2262 S
1042 2232 1071 2261 A
1087 2243 1093 2263 :
1119 2235 1221 2264 ταῦτα
1237 2234 1369 2273 ἄγεσθαι
1387 2232 1474 2271 vulg.

154 2289 193 2318 19
217 2277 289 2309 οὐδὲ
306 2277 514 2315 διενοήθησαν
532 2276 596 2308 del.
616 2276 722 2306 Cobet
811 2285 854 2305 20
877 2278 980 2307 ταῦτα
996 2275 1084 2315 λέγω
1102 2276 1144 2306 S:
1170 2275 1257 2316 λέγω
1273 2278 1374 2307 ταῦτα
1388 2275 1478 2314 vulg.

154 2325 170 2359 ξ
191 2332 234 2351 20
251 2330 315 2351 om.
333 2320 357 2350 S
562 2329 603 2358 25
629 2321 662 2350 ἐν
678 2323 723 2360 τῷ
740 2319 842 2359 πλοίῳ
860 2329 924 2349 om.
947 2319 1013 2357 FQ
1026 2319 1055 2348 D
1259 2328 1303 2358 30
1327 2319 1478 2352 διοπεύων

154 2364 320 2395 Mem-sius
337 2374 380 2394 ex
398 2363 574 2402 Hesychio
591 2374 598 2393 z
622 2362 797 2395 διοπτεύων
813 2363 924 2401 codd.,
946 2362 1111 2401 Harpocr.

1509 68 1623 122 [928]

1515 595 1556 629 18

1513 920 1639 976 [929]

1516 1073 1558 1107 19

1509 1773 1553 1796 20
