1685 2772
120 65 268 120 xxxw]
487 69 652 107 ’ΥΠΕΡ
699 68 1079 107 ΦΟΡΜΙΩΝΟΣ

119 184 214 227 δεῖν,
240 180 495 232 λογιζόμενοι
518 182 615 231 πρὸς
641 177 802 220 ἑαυτοὺς
833 179 871 219 οἱ
900 179 1118 229 ἐπίτροποι,
1147 178 1220 224 ὅτι,
1249 179 1282 218 εἰ
1316 177 1451 228 δεήσει

121 249 218 289 κατὰ
242 249 312 289 τὰς
336 244 535 296 διαθήκας,
562 244 627 286 ὄσ’
652 245 700 286 ἂν
732 245 846 287 οὗτος
879 246 922 285 ἐκ
958 248 1098 285 κοινῶν
1127 248 1206 285 τῶν
1238 244 1452 298 χρημάτων

119 315 324 370 ἀναλώσῃ,
342 313 495 354 τούτοις
520 312 732 363 ἐξελόντας
748 312 961 364 ἀντιμοιρεὶ
986 313 1034 351 τὰ
1059 312 1181 352 λοιπὰ
1207 310 1353 362 νέμειν,
1372 310 1451 351 οὐδ’

120 383 249 422 ὁτιοῦν
286 380 403 421 ἔσται
436 381 584 432 περιόν,
623 380 836 430 νείμασθαι
870 381 919 419 τὰ
955 378 1037 419 ὄνθ’
1073 379 1173 430 ὑπὲρ
1207 382 1278 418 τοῦ
1314 378 1452 420 παιδὸς

82 464 100 496 5
120 449 318 501 ἔγνωσαν.
377 447 440 487 καὶ
468 446 656 498 νέμονται
682 446 755 496 τὴν
787 445 916 496 ἄλλην
953 445 1092 485 οὐσίαν
1130 445 1236 495 πλὴν
1271 446 1326 485 ὧν
1363 447 1450 496 ἐμε-

119 514 288 567 μίσθωθ’
336 515 488 554 οὑτοσί·
536 514 685 554 τούτων
733 516 774 554 δὲ
812 515 879 563 τῆς
919 513 1119 564 προσόδου
1156 511 1228 562 τὴν
1265 512 1454 562 ἡμίσειαν

120 582 244 637 τούτῳ
277 582 531 622 ἀπεδίδοσαν.
602 580 698 633 ἄχρι
721 582 794 631 μὲν
826 579 895 620 οὖν
927 579 1066 619 τούτου
1096 583 1164 619 τοῦ
1196 579 1341 632 χρόνου
1372 582 1455 620 πῶς

123 648 250 690 ἔνεστ’
278 651 462 700 ἐγκαλεῖν
498 647 600 702 αὐτῷ
636 647 895 698 μισθώσεως;
937 646 982 686 οὐ
1013 647 1088 697 γὰρ
1125 648 1206 691 νῦν,
1233 646 1340 685 ἀλλὰ
1372 644 1455 684 τότ’

123 716 236 758 εὐθὺς
260 716 339 757 ἔδει
363 715 658 769 χαλεπαίνοντα
685 714 916 766 φαίνεσθαι.
980 712 1138 763 καὶμὴν
1160 711 1249 752 οὐδὲ
1274 713 1344 753 τὰς
1370 713 1454 752 ἐπι-

66 806 106 828 10
123 781 362 835 γιγνομένας
384 782 604 834 μισθώσεις
637 781 690 823 ὡς
714 780 784 821 οὐκ
814 781 1040 832 ἀπείληφεν
1074 778 1158 819 ἔστ’
1185 780 1313 819 εἰπεῖν
1337 778 1455 833 αὐτῷ.

123 850 167 889 οὐ
193 851 268 902 γὰρ
293 848 341 889 ἄν
366 848 466 895 ποτ’,
489 848 624 899 ἐπειδὴ
643 846 952 899 δοκιμασθέντος
970 845 1226 888 Πασικλέους
1251 844 1457 898 ἀπηλλάτ-

123 932 212 957 τετο
248 918 315 966 τῆς
352 916 589 967 μισθώσεως
614 916 691 961 ὅδε,
720 913 891 967 ἀφήκατ’
928 913 976 954 ἂν
1013 913 1131 953 αὐτὸν
1161 912 1346 953 ἁπάντων
1377 916 1458 953 τῶν

125 982 395 1036 ἐγκλημάτων,
422 983 528 1022 ἀλλὰ
547 981 629 1022 τότ’
654 981 702 1022 ἂν
727 980 952 1035 παραχρῆμ’
973 979 1160 1037 ἀπῃτεῖτ’,
1183 980 1220 1020 εἴ
1241 996 1278 1020 τι
1303 979 1457 1032 προσώ-

125 1055 266 1103 φειλεν
293 1051 396 1101 ὑμῖν.
470 1050 520 1091 ὡς
556 1050 688 1090 τοίνυν
723 1048 829 1088 ταῦτ’
867 1049 996 1099 ἀληθῆ
1033 1046 1153 1099 λέγω,
1187 1047 1249 1086 καὶ
1286 1045 1457 1097 ἐνείμαθ’

69 1140 105 1171 15
125 1118 239 1160 οὗτος
263 1116 358 1169 πρὸς
375 1116 443 1158 τὸν
466 1116 645 1169 ἀδελφὸν
670 1115 776 1157 παῖδ’
802 1117 912 1161 ὄντα,
940 1115 1003 1155 καὶ
1028 1115 1187 1166 ἀφῆκαν
1211 1116 1280 1164 τῆς
1304 1113 1454 1164 μισθώ-

126 1202 227 1227 σεως
254 1184 317 1224 καὶ
349 1187 426 1224 τῶν
457 1183 597 1224 ἄλλων
633 1182 819 1224 ἁπάντων
850 1180 1123 1235 ἐγκλημάτων,
1159 1183 1266 1231 λαβὲ
1298 1180 1458 1231 ταυτηνὶ

125 1251 198 1301 τὴν
219 1252 446 1303 μαρτυρίαν.

683 1350 895 1377 ΜΑΡΤὙΡῙΑ.

195 1428 319 1469 Εὐθὺς
349 1428 493 1474 τοίνυν,
525 1425 554 1467 ὦ
584 1426 723 1479 ἄνδρες
752 1426 971 1476 Ἀθηναῖοι,
1010 1425 1060 1467 ὡς
1095 1426 1271 1477 ἀφεῖσαν
1305 1424 1461 1465 τουτονὶ

73 1517 111 1539 20
128 1498 197 1546 τῆς
229 1495 478 1546 μισθώσεως,
510 1493 695 1544 νέμονται
727 1493 799 1543 τὴν
832 1491 1028 1543 τράπεζαν
1067 1492 1130 1531 καὶ
1161 1491 1206 1531 τὸ
1236 1492 1459 1541 ἀσπιδοπη-

130 1566 251 1615 γεῖον,
280 1562 343 1602 καὶ
372 1561 513 1612 λαβὼν
543 1561 698 1612 αἵρεσιν
730 1559 1038 1609 Ἀπολλόδωρος
1069 1560 1234 1610 αἱρεῖται
1266 1561 1310 1597 τὸ
1340 1558 1458 1598 ἀσπι-

132 1632 343 1681 δοπηγεῖον
392 1628 477 1668 ἀντὶ
523 1630 593 1678 τῆς
640 1626 846 1680 τραπέζης.
927 1627 1053 1665 καίτοι
1103 1626 1137 1665 εἰ
1184 1623 1232 1675 ἦν
1280 1625 1357 1664 ἰδία
1403 1640 1462 1665 τις

132 1695 291 1749 ἀφορμὴ
333 1695 456 1749 τούτῳ
497 1697 593 1747 πρὸς
631 1700 679 1751 τῇ
720 1692 905 1749 τραπέζῃ,
951 1693 991 1732 τί
1031 1691 1076 1742 δή
1117 1691 1203 1731 ποτ’
1242 1691 1290 1731 ἂν
1332 1692 1461 1731 εἵλετο

131 1767 246 1803 τοῦτο
269 1766 426 1813 μᾶλλον
452 1758 474 1811 ἦ
500 1761 662 1811 ’κείνην,·
718 1761 807 1800 οὕτε
831 1762 908 1812 γὰρ
940 1759 962 1810 ἡ
989 1759 1188 1811 πρόσοδος
1221 1757 1267 1808 ἦν
1297 1758 1458 1803 πλείων,

76 1849 112 1879 25
134 1829 224 1869 ἀλλ’
264 1828 440 1869 ἐλάττων
474 1827 534 1878 (τὸ
576 1830 647 1878 μὲν
687 1829 761 1879 γὰρ
798 1827 1009 1872 τάλαντον,
1055 1826 1077 1876 ἡ
1117 1825 1150 1865 δ’
1189 1824 1327 1865 ἑκατὸν
1362 1827 1461 1875 μνᾶς

135 1895 304 1949 ἔφερεν),
332 1896 422 1936 οὔτε
450 1895 495 1935 τὸ
533 1893 643 1945 κτῆμ’
673 1894 797 1944 ἥδιον,
834 1895 867 1934 εἰ
893 1895 1048 1945 προσῆν
1084 1890 1270 1945 χρήματα
1298 1897 1345 1948 τῇ
1370 1908 1459 1944 τρα·

136 1962 231 2018 πέζῃ
256 1964 348 2002 ἴδια.
420 1960 512 2002 ἀλλ’
539 1961 584 2000 οὐ
608 1963 776 2012 προσῆν.
839 1961 974 2011 διόπερ
1011 1963 1236 2012 σωφρονῶν
1266 1959 1395 1999 εἵλετο
1419 1957 1463 1997 τὸ

137 2030 450 2080 ἀσπιδοπηγεῖον
483 2028 609 2069 οὗτος·
649 2027 693 2067 τὸ
725 2029 798 2078 μὲν
834 2028 909 2079 γὰρ
949 2026 1058 2077 κτῆμ’
1099 2025 1304 2066 ἀκίνδυνόν
1339 2026 1463 2070 ἐστιν,

180 2149 200 2178 3
223 2137 368 2179 τούτοις]
385 2138 516 2170 τούτους
536 2137 560 2167 S
732 2150 904 2178 αντιμοιρει
923 2135 946 2166 S
963 2147 970 2166 ἒ
996 2137 1171 2176 ἀντιμοιρεῖ
1189 2135 1214 2165 F
1226 2135 1256 2174 Q
1273 2147 1280 2166 :
1304 2135 1363 2168 τὰς
1381 2135 1468 2166 ἆντι-

137 2183 258 2222 μοιρίας
274 2181 306 2210 Α
395 2191 414 2220 5
440 2181 641 2220 ἐμισθώσατο
659 2179 762 2218 FQD
852 2189 874 2218 9
898 2178 1166 2220 ἐπιγενομέναςΑ
1258 2180 1297 2209 16
1320 2178 1469 2211 ἁπάντων

138 2236 202 2256 om.
223 2225 254 2255 A
401 2225 535 2262 ταυτηνὶ
554 2226 613 2264 (ex
629 2223 768 2263 ταύτην)
786 2223 832 2253 S:
856 2222 979 2259 ταύτην
997 2222 1085 2261 vulg.
1275 2232 1317 2252 20
1341 2224 1390 2253 καὶ
1409 2246 1416 2252 .
1436 2245 1442 2252 .
1461 2244 1468 2251 .

141 2270 393 2309 ἀσπιδοπηγεῖον
412 2278 477 2297 om.
498 2268 521 2298 S
699 2277 739 2296 22
764 2266 841 2307 ι’δὶα]
862 2266 914 2298 καί
931 2266 955 2296 S
1127 2267 1169 2295 26
1192 2265 1299 2303 ἡδεῖαν
1315 2265 1364 2296 A:
1390 2267 1470 2296 ἴδιον

140 2312 230 2351 vulg.
406 2321 447 2350 27
471 2313 534 2343 ἴδια
549 2310 628 2341 secl.
647 2310 746 2340 Blass
878 2312 1049 2350 σωφρονῶν
1071 2308 1096 2339 S
1110 2307 1141 2338 A
1159 2320 1166 2338 τ
1191 2308 1360 2349 σωφρόνως
1377 2308 1469 2346 vulg.

142 2357 182 2386 28
206 2354 298 2388 οὗτος
315 2355 339 2386 S
354 2366 359 2386 :
385 2355 496 2387 οὑτοσί
508 2355 616 2393 vulg:
643 2365 710 2385 om.
727 2354 757 2383 A

1483 56 1609 112 [946]

1486 384 1606 439 [947]

1490 854 1536 886 10

1493 1439 1532 1466 11

1498 2028 1622 2086 [948]
