1685 2772
137 151 301 205 xxxvn]
465 156 629 193 ΠΡΟΣ
678 156 1144 193 ΠΑΝΤΑΙΝΕΤΟΝ

136 265 199 306 καὶ
235 266 426 317 πονηρίαν
462 265 543 305 οὔθ’
579 265 693 307 οὗτος
725 268 957 317 προσοῦσαν
994 265 1177 316 οὐδεμίαν
1213 264 1344 316 δείξει,
1383 266 1464 305 οὔθ’

135 334 241 384 ὑμῶν
274 332 476 372 τοσούτων
509 333 635 372 ὄντων
664 331 753 372 οὐδὲ
783 333 838 374 εἷς
871 331 1064 372 σύνοιδεν.
1131 332 1262 372 τᾶλλα
1292 335 1334 373 δὲ
1358 333 1464 373 ταῦθ’

137 400 302 440 ἕκαστος
337 399 458 449 ἡμῶν,
497 399 602 439 ὅπως
644 398 796 451 ἔτυχεν,
835 397 1008 450 πέφυκεν
1052 399 1171 449 οἶμαι.
1246 400 1307 440 καὶ
1344 400 1465 451 φύσει

134 465 338 519 μάχεσθαι
361 467 433 516 μὲν
459 464 587 518 ἔχοντ’
609 464 677 504 οὐκ
703 465 870 517 εὔπορόν
895 465 1079 514 ἐστιν(οὐ
1105 467 1179 518 γὰρ
1200 465 1247 506 ἂν
1273 465 1465 516 ἀλλήλων

98 532 369 585 ὅδιεφέρομεν
405 530 543 581 οὐδέν),
581 535 729 584 γνῶναι
764 532 796 572 δ’
830 531 951 572 ἰδόνθ’
981 532 1115 584 ἕτερον
1153 533 1215 572 καὶ
1252 533 1466 583 ἐπιπλῆξαι

133 598 281 654 ῥᾴδιον.
353 600 459 639 ἀλλὰ
482 599 524 639 τί
539 599 687 639 τούτων
713 599 799 650 ἐμοὶ
825 598 920 651 πρὸς
947 598 1006 645 σε’,
1026 600 1293 646 Πανταίνετε;
1332 601 1466 640 πολλὰ

137 667 199 707 καὶ
223 668 332 707 δεινὰ
357 665 576 713 πέπονθας,·
626 666 764 706 οὐκοῦν
793 667 962 719 εἴληφας
993 667 1115 716 δίκην.
1188 666 1232 706 οὐ
1258 667 1347 718 παρ’
1374 669 1467 718 ἐμοῦ

135 750 200 786 γε;
256 733 344 773 οὐδὲ
373 734 448 785 γὰρ
478 731 660 783 ἠδικήθης
691 733 803 773 οὐδὲν
839 733 903 773 ὑπ’
935 735 1040 784 ἐμοῦ.
1113 733 1158 773 οὐ
1197 734 1268 786 γὰρ
1302 733 1349 774 ἄν
1378 733 1466 774 ποτ’

135 801 303 853 ἀφῆκας,
339 799 433 846 οὐδ’,
468 799 524 840 ὅτ’
555 799 713 854 Εὐέργῳ
747 804 917 857 προῃροῦ
948 800 1182 855 λαγχάνειν,
1215 802 1353 842 εἴασας
1384 800 1465 852 ἐμέ,

79 883 117 905 10
136 869 225 909 οὐδὲ
251 866 414 919 πρατῆρ’
440 866 614 918 ἠξίωσας
638 868 859 918 ὑποστῆναι
884 868 951 908 τόν
977 886 1022 920 γε
1049 867 1158 909 δεινά
1185 885 1233 908 σε
1261 868 1321 908 καὶ
1348 867 1467 908 πόλλ’

137 933 412 986 εἰργασμένον.
484 934 568 974 εἶτα
594 935 655 974 καὶ
680 938 761 975 πῶς
786 934 835 975 ἂν
863 936 884 974 ὁ
916 935 967 986 μὴ
994 936 1129 988 παρὼν
1153 935 1242 987 μηδ’
1268 937 1468 986 ἐπιδημῶν

137 1001 213 1054 ἐγώ
238 1002 280 1042 τί
301 1001 340 1040 σ’
365 1000 554 1052 ἠδίκησα;
593 1003 626 1042 εἰ
650 1003 782 1042 τοίνυν
808 1001 858 1043 ὡς
883 1003 966 1042 οἶόν
1001 1019 1044 1043 τε
1076 1002 1233 1055 μέγιστ’
1257 1002 1468 1053 ἠδικῆσθαι

137 1069 221 1118 δοίη
257 1085 316 1110 τις
352 1067 453 1122 αὐτῷ
493 1068 554 1108 καὶ
590 1070 692 1121 ἐρεῖν
729 1068 869 1109 ἅπαντ’
904 1070 1031 1120 ἀληθῆ
1069 1070 1157 1122 περὶ
1194 1070 1342 1110 τούτων
1367 1071 1464 1115 νυνί,

138 1135 266 1175 ἐκεῖνό
288 1134 325 1187 γ’
350 1134 458 1186 οἶμαι
483 1134 631 1177 πάντας
657 1135 704 1176 ἂν
729 1129 828 1186 ὑμᾶς
854 1137 1114 1188 ὁμολογῆσαι,
1135 1138 1194 1177 ὅτι
1218 1139 1352 1177 πολλὰ
1372 1154 1467 1188 συμ-

81 1217 115 1248 15
136 1201 316 1253 βέβηκεν
340 1201 553 1252 ἠδικῆσθαί
574 1219 682 1242 τισιν
707 1201 778 1253 ἤδη
799 1203 916 1253 μείζω
942 1207 1020 1243 τῶν
1047 1205 1101 1245 εἰς
1126 1202 1308 1257 χρήματα
1331 1220 1465 1256 γιγνο-

136 1268 266 1319 μένων
286 1267 547 1319 ἀδικημάτων·
589 1269 651 1309 καὶ
687 1270 761 1321 γὰρ
795 1269 975 1310 ἀκούσιοι
1008 1271 1127 1323 φόνοι
1162 1272 1223 1311 καὶ
1252 1272 1389 1323 ὕβρεις
1414 1272 1469 1312 εἷς

137 1336 161 1375 ἃ
188 1334 240 1386 μὴ
280 1338 341 1375 δεῖ
380 1335 441 1375 καὶ
477 1335 597 1376 πόλλ’
637 1335 743 1376 ἄλλα
779 1340 939 1377 τοιαῦτα
975 1338 1166 1390 γίγνεται.
1238 1337 1329 1378 ἀλλ’
1366 1339 1469 1389 ὅμως

138 1401 322 1443 ἁπάντων
347 1402 493 1443 τούτων
530 1403 620 1455 ὅρος
647 1403 709 1444 καὶ
742 1403 859 1445 λύσις
892 1407 974 1445 τοῖς
999 1407 1173 1445 παθοῦσι
1207 1403 1390 1445 τέτακται
1425 1404 1470 1444 τὸ

139 1469 372 1510 πεισθέντας
404 1470 576 1522 ἀφεῖναι.
649 1470 712 1510 καὶ
746 1469 852 1511 τοῦθ’
885 1471 984 1510 οὕτω
1012 1470 1056 1511 τὸ
1085 1472 1235 1512 δίκαιον
1271 1473 1313 1512 ἐν
1345 1474 1468 1511 πᾶσιν

81 1555 120 1576 20
141 1537 284 1589 ἰσχύει,
313 1535 408 1576 ὥστ’
436 1538 504 1576 ἐὰν
530 1537 632 1577 ἑλών
657 1554 715 1579 τις
751 1538 938 1578 ἀκουσίου
970 1539 1095 1590 φόνου
1127 1539 1186 1579 καὶ
1216 1542 1356 1590 σαφῶς
1383 1539 1466 1578 ἐπι-

140 1603 269 1654 δείξας
303 1603 354 1654 μὴ
394 1604 576 1655 καθαρόν,
604 1606 701 1654 μετὰ
737 1604 843 1645 ταῦτ’
883 1604 1087 1655 αἰδέσηται
1114 1605 1176 1646 καὶ
1209 1606 1305 1662 ἀφῇ,
1344 1604 1468 1645 οὐκέτ’

140 1672 330 1722 ἐκβαλεῖν
367 1670 495 1723 κύριος
531 1670 599 1711 τὸν
636 1671 753 1712 αὐτόν
790 1673 912 1712 ἐστιν.
985 1671 1075 1712 οὐδέ
1111 1671 1159 1724 γ’,
1193 1671 1241 1712 ἂν
1277 1673 1297 1711 ὁ
1333 1673 1469 1712 παθὼν

139 1737 254 1780 αὐτὸς
293 1738 377 1795 ἀφῇ
423 1741 490 1778 τοῦ
529 1738 666 1791 φόνου,
708 1739 799 1791 πρὶν
847 1742 1094 1789 τελευτῆσαι,
1143 1739 1212 1780 τὸν
1254 1738 1466 1791 δράσαντα,

139 1804 267 1845 οὐδενὶ
305 1808 384 1845 τῶν
424 1809 576 1846 λοιπῶν
613 1810 818 1858 συγγενῶν
859 1805 989 1857 ἔξεστ’
1029 1804 1237 1855 ἐπεξιέναι,
1276 1805 1366 1846 ἀλλ’
1404 1805 1470 1846 οὓς

83 1889 120 1920 25
141 1872 344 1912 ἐκπίπτειν
371 1872 432 1912 καὶ
466 1872 642 1925 φεύγειν,
677 1872 725 1913 ἂν
757 1874 1012 1919 ἁλίσκωνται,
1043 1874 1104 1913 καὶ
1138 1872 1322 1913 τεθνάναι
1346 1889 1469 1924 προσ-

139 1938 350 1979 τάττουσιν
375 1940 411 1979 οἱ
443 1940 568 1990 νόμοι,
600 1940 769 1986 τούτους,
798 1942 867 1980 ἐὰν
903 1941 1110 1993 ἀφεθῶσιν
1136 1938 1254 1990 ἅπαξ,
1286 1938 1470 1980 ἁπάντων

140 2006 271 2046 ἐκλύει
296 2010 374 2046 τῶν
400 2009 537 2046 δεινῶν
557 2010 671 2046 τοῦτο
696 2006 741 2046 τὸ
764 2008 879 2059 ῥῆμα.
942 2007 1012 2047 εἶθ’
1039 2008 1135 2058 ὑπὲρ
1161 2009 1234 2057 μὲν
1252 2008 1387 2059 ψυχῆς
1409 2006 1469 2045 καὶ

184 2126 202 2145 2
227 2114 297 2148 οὐδὲ
315 2115 359 2147 εἷς
378 2115 401 2146 S
414 2116 443 2146 D
460 2115 499 2146 al.
517 2127 524 2146 :
549 2117 648 2148 οὐδεὶς
666 2115 754 2154 vulg.
868 2126 888 2155 3
912 2116 1016 2156 ἡμῶν]
1036 2119 1120 2157 ὑμῶν
1138 2117 1161 2147 S
1271 2127 1292 2156 9
1315 2115 1469 2158 προῃροῦ]

140 2161 312 2199 προσηιροῦ
329 2159 353 2189 S
369 2158 412 2188 D¹
514 2169 553 2189 10
576 2160 686 2190 πολλὰ
704 2159 727 2189 S
738 2159 768 2189 A
784 2170 791 2190 z
815 2159 944 2200 μεγάλα
957 2160 1047 2199 vulg.
1151 2170 1188 2200 13
1215 2162 1317 2199 ἀληθῆ
1331 2160 1362 2190 Α
1373 2160 1403 2198 Q
1418 2160 1446 2189 D
1461 2169 1469 2189 :

141 2205 266 2240 ταληθῆ
285 2202 309 2233 S
322 2202 347 2232 F
363 2207 396 2232 et
415 2202 545 2232 xxxviii
562 2212 600 2232 21
620 2212 737 2233 omnes
910 2214 947 2241 14
973 2206 1050 2242 ὑμᾶς
1067 2205 1106 2236 ἂν
1123 2204 1160 2234 S¹
1321 2214 1357 2243 17
1383 2205 1472 2235 ἄλλα

140 2247 273 2277 τοιαῦτα
299 2245 384 2277 SA:
418 2246 538 2277 τοιαῦτ’
568 2246 655 2277 ἄλλα
679 2246 766 2284 vulg.
785 2257 790 2277 :
829 2247 914 2278 ἄλλα
948 2247 1012 2277 del.
1044 2247 1142 2278 Blass
1171 2248 1245 2278 coll.
1271 2247 1400 2278 xxxviii
1429 2255 1467 2275 21

141 2298 178 2317 21
209 2290 274 2330 ἀφῇ
291 2289 379 2328 vulg.
400 2294 433 2319 et
450 2288 579 2318 xxxviii
598 2299 638 2318 22
656 2299 793 2319 omnes:
821 2290 897 2331 ἀφίῃ
918 2289 941 2319 S
960 2290 1013 2320 hic
1193 2302 1233 2321 22
1257 2291 1306 2332 γ’]
1324 2293 1386 2332 ’γὰρ
1405 2289 1470 2327 FQ

141 2341 182 2370 25
206 2332 481 2372 προστάττουσιν]
499 2332 674 2364 τάττουσιν
689 2331 720 2362 Α
937 2335 979 2363 26
1003 2334 1162 2373 ἀφεθῶσιν
1179 2334 1261 2375 ἅπαξ
1278 2334 1343 2365 SA
1359 2345 1366 2364 z
1390 2333 1471 2373 ἅπαξ

142 2375 300 2414 ἀφεθῶσιν
311 2375 398 2414 vulg.
467 2380 543 2414 post
555 2375 839 2416 &naginterpunxi
854 2386 927 2406 cum
944 2376 977 2416 S,
991 2377 1030 2408 cf.
1047 2378 1150 2408 xxxvi
1168 2387 1209 2417 23
1300 2388 1339 2416 27
1363 2377 1470 2417 ψυχῆς

141 2417 173 2447 Α
190 2423 223 2448 et
240 2418 368 2448 xxxviii
386 2429 426 2448 22
447 2429 563 2453 omnes
579 2430 585 2453 ;
609 2421 667 2457 τῆς
684 2422 789 2463 ψυχῆς
807 2419 830 2450 S
849 2420 936 2459 vulg.

211 2500 299 2521 nme
1343 2493 1381 2522 11

1497 462 1616 517 [983]

1499 609 1539 646 57

1501 1484 1544 1520 59

1501 2013 1548 2048 60
