1685 2772
118 112 267 167 xxxvx]
487 118 651 155 ΎἼἹΕΡ
698 116 1081 155 ΦΟΡΜΙΩΝΟΣ

121 229 318 280 Φορμίων.
379 228 423 267 οὐ
453 230 528 280 γὰρ
559 229 696 280 ἀγνοεῖ
721 231 848 273 τοῦτο,
884 226 964 267 οὐδ’
999 226 1118 266 αὐτὸν
1153 225 1336 276 λέληθεν,
1368 225 1449 267 οὐδ’

120 296 225 345 ὑμῶν
252 294 440 341 πολλούς,
463 296 522 334 ὅτι
543 295 752 346 Σωκράτης
771 295 790 334 ὁ
810 295 1041 346 τραπεζίτης
1061 295 1221 338 ἐκεῖνος,
1243 295 1347 345 παρὰ
1371 297 1449 334 τῶν

121 363 263 413 κυρίων
293 362 540 413 ἀπαλλαγεὶς
574 362 709 413 ὥσπερ
744 362 764 400 ὁ
796 362 936 401 τούτου
968 359 1110 412 πατήρ,
1134 360 1254 401 ἔδωκε
1289 360 1449 414 Σατύρῳ

118 428 189 478 τὴν
215 430 353 469 ἑαυτοῦ
377 432 553 480 γυναῖκα,
575 431 713 468 ἑαυτοῦ
737 429 832 468 ποτὲ
857 426 1070 482 γενομένῳ.
1129 427 1262 479 ἕτερος
1286 429 1451 478 Σωκλῆς

79 516 97 547 5
118 495 424 547 τραπεζιτεύσας
457 495 576 535 ἔδωκε
608 494 679 545 τὴν
704 497 841 535 ἑαυτοῦ
871 498 1038 547 γυναῖκα
1065 493 1278 549 Τιμοδήμῳ
1302 498 1356 549 τῷ
1383 497 1451 535 νῦν

118 562 171 602 ἔτ’
210 564 294 602 ὄντι
332 561 394 602 καὶ
453 566 558 608 ὣντι,
596 560 795 616 γενομένῳ
832 561 921 602 ποθ’
957 562 1086 602 αὑτοῦ.
1148 562 1211 601 καὶ
1247 561 1292 601 οὐ
1327 561 1451 612 μόνον

120 628 257 669 ἐνθάδε
282 632 403 669 ταῦτα
432 632 613 670 ποιοῦσιν
639 630 674 669 οἱ
707 628 795 681 περὶ
824 630 894 671 τὰς
926 629 1116 681 ἐργασίας
1149 629 1261 670 ὄντες
1293 628 1448 674 ταύτας,

118 693 146 735 ὦ
186 695 322 748 ἄνδρες
357 695 574 746 Ἀθηναῖοι,
614 695 705 736 ἀλλ’
739 697 781 736 ἐν
816 697 959 752 Αἰγίνῃ
996 695 1137 736 ἔδωκεν
1174 695 1450 748 Στρυμόδωρος

116 762 290 817 Ἑρμαίῳ
326 767 378 818 τῷ
416 765 553 803 ἑαυτοῦ
585 763 715 819 οἰκέτῃ
747 762 818 813 τὴν
847 767 1022 816 γυναῖκα,
1056 763 1118 803 καὶ
1149 761 1449 813 τελευτησάσης

60 850 99 872 10
119 830 268 880 ἐκείνης
293 829 412 870 ἔδωκε
438 829 559 871 πάλιν
579 829 650 880 τὴν
669 829 865 883 θυγατέρα
888 829 959 880 τὴν
979 832 1128 871 ἑαυτοῦ.
1188 830 1250 870 καὶ
1275 829 1450 870 πολλοὺς

119 896 165 937 ἂν
203 897 288 950 ἔχοι
325 914 383 939 τις
419 898 545 938 εἰπεῖν
580 898 790 938 τοιούτους.
849 897 1023 939 εἰκότως·
1061 898 1151 948 ὑμῖν
1186 899 1258 947 μὲν
1295 896 1381 949 γάρ,
1420 894 1449 936 ὦ

118 963 255 1016 ἄνδρες
280 964 495 1014 Ἀθηναῖοι,
522 968 602 1006 τοῖς
626 963 734 1018 γένει
759 965 953 1010 πολίταις,
981 964 1070 1005 οὐδὲ
1102 964 1144 1004 ἓν
1169 966 1322 1014 πλῆθος
1351 980 1447 1016 χρη-

117 1030 252 1083 μάτων
277 1031 364 1071 ἀντὶ
389 1035 457 1071 τοῦ
481 1031 620 1084 γένους
651 1032 772 1072 καλόν
797 1033 908 1072 ε’στιν
934 1030 1112 1071 ἑλέσθαι·
1149 1034 1231 1071 τοῖς
1265 1033 1307 1071 δὲ
1336 1034 1450 1070 τοῦτο

117 1100 190 1149 μὲν
216 1100 363 1150 δωρεὰν
389 1095 412 1148 ἢ
439 1098 527 1150 παρ’
553 1100 662 1150 ὑμῶν
689 1095 714 1150 ἢ
747 1097 837 1150 παρ’
862 1098 998 1139 ἄλλων
1023 1101 1139 1138 τινῶν
1164 1100 1376 1148 λαβοῦσιν,
1403 1103 1450 1153 τῇ

59 1184 98 1216 15
118 1164 219 1221 τύχῃ
246 1165 278 1205 δ’
300 1163 345 1214 ἐξ
367 1166 494 1218 ἀρχῆς
517 1165 596 1206 ἀπὸ
618 1169 687 1207 τοῦ
711 1167 1041 1218 χρηματίσασθαι
1067 1165 1129 1205 καὶ
1160 1163 1303 1216 ἑτέρων
1327 1164 1450 1204 πλείω

119 1230 344 1283 κτήσασθαι
378 1233 440 1272 καὶ
475 1233 602 1273 αὐτῶν
633 1232 782 1273 τούτων
816 1230 1058 1282 ἀξιωθεῖσιν,
1093 1230 1198 1271 ταῦτ’
1228 1232 1340 1271 ἐστὶν
1375 1236 1449 1283 φυ-

118 1298 279 1341 λακτέα.
353 1299 487 1349 διόπερ
520 1299 689 1339 Πασίων
725 1299 745 1338 ὁ
781 1298 908 1351 πατὴρ
942 1299 962 1337 ὁ
995 1298 1067 1340 σὸς
1099 1297 1143 1337 οὐ
1179 1301 1331 1346 πρῶτος
1363 1298 1452 1338 οὐδὲ

118 1366 251 1417 μόνος,
279 1365 361 1405 οὐδ’
386 1365 503 1406 αὑτὸν
527 1366 699 1418 ὑβρίζων
725 1365 805 1406 οὐδ’
829 1367 930 1417 ὑμᾶς
952 1366 1042 1407 τοὺς
1067 1367 1175 1411 υἱεῖς,
1197 1365 1304 1404 ἀλλὰ
1327 1365 1452 1415 μόνην

119 1433 223 1484 ὁρῶν
258 1433 458 1484 σωτηρίαν
495 1436 576 1474 τοῖς
612 1435 751 1473 ἑαυτοῦ
787 1431 1028 1485 πράγμασιν,
1063 1433 1095 1472 εἰ
1127 1434 1265 1472 τοῦτον
1298 1430 1450 1487 ἀνάγκῃ

61 1517 101 1538 20
118 1497 326 1550 ποιήσειεν
353 1501 501 1540 οἰκεῖον
531 1500 634 1550 ὑμῖν,
667 1500 786 1540 ἔδωκε
819 1499 890 1550 τὴν
921 1502 1059 1540 ἑαυτοῦ
1093 1501 1269 1551 γυναῖκα,
1302 1497 1450 1550 μητέρα

120 1565 153 1605 δ’
170 1565 362 1619 ὑμετέραν
379 1565 515 1620 τούτῳ.
555 1566 651 1618 πρὸς
666 1568 738 1617 μὲν
755 1566 823 1607 οὖν
843 1568 891 1606 τὰ
908 1564 1151 1618 συμφέροντ’
1168 1566 1237 1605 ἐὰν
1256 1563 1448 1621 ἐξετάζῃς,

121 1637 251 1675 καλῶς
285 1632 611 1684 βεβουλευμένον
645 1633 763 1674 αὐτὸν
800 1631 991 1684 εὑρήσεις·
1036 1634 1069 1673 εἰ
1105 1634 1146 1673 δὲ
1182 1631 1278 1684 πρὸς
1312 1631 1452 1684 γένους

120 1698 240 1749 δόξαν
276 1701 428 1741 ἀναίνει
462 1701 676 1752 Φορμίωνα
712 1698 916 1751 κηδεστήν,
955 1701 1026 1751 ὅρα
1060 1698 1112 1750 μὴ
1149 1702 1307 1752 γελοῖον
1342 1697 1366 1754 ᾗ
1403 1700 1451 1738 σὲ

119 1770 242 1807 ταῦτα
274 1766 423 1819 λέγειν.
474 1767 508 1808 εἶ
543 1766 618 1819 γάρ
654 1784 712 1808 τις
749 1767 877 1820 ἔροιτό
912 1784 972 1813 σε,
1007 1766 1121 1807 ποῖόν
1157 1765 1229 1806 τιν’
1262 1766 1353 1817 ἡγεῖ
1384 1764 1452 1806 τὸν

62 1848 100 1880 25
119 1833 271 1885 πατέρα
301 1833 373 1875 τὸν
397 1837 566 1875 σεαυτοῦ
597 1834 708 1880 εἶναι,
740 1833 918 1887 χρηστὸν
944 1833 986 1874 εὖ
1011 1832 1083 1873 οἶδ’
1107 1834 1168 1873 ὅτι
1193 1831 1363 1885 φήσειας
1387 1831 1446 1873 ἄν.

119 1901 288 1952 πότερον
313 1901 383 1941 οὖν
405 1902 477 1941 οἴει
503 1903 658 1946 μᾶλλον
683 1900 853 1941 ἐοικέναι
877 1900 945 1941 τὸν
970 1901 1118 1953 τρόπον
1144 1900 1206 1939 καὶ
1230 1899 1358 1940 πάντα
1381 1898 1451 1939 τὸν

121 1968 213 2018 βίον
234 1969 418 2008 Πασίωνι
444 1967 592 2008 σαυτὸν
611 1964 634 2017 ἢ
655 1969 827 2014 τουτονί,·
865 1968 944 2020 ἐγὼ
966 1970 1039 2020 μὲν
1060 1967 1101 2007 εὖ
1125 1965 1196 2006 οἶδ’
1221 1967 1280 2006 ὅτι
1299 1969 1448 2006 τοῦτον.

170 2087 230 2108 1-—2
255 2079 319 2110 οὔθ’
339 2080 424 2118 ὑμῶν
441 2078 465 2109 S
482 2078 513 2108 D
641 2088 660 2117 5
685 2077 952 2119 τραπεζιτεύσας]
972 2080 988 2109 ὁ
1005 2076 1256 2118 τραπεζιτεύσας
1273 2075 1304 2106 Α
1431 2085 1449 2114 7

122 2124 224 2153 ταῦτα
249 2121 273 2152 S
285 2121 314 2151 Α
329 2133 335 2152 z
361 2125 457 2154 τοῦτο
473 2122 562 2160 vulg.
655 2121 745 2154 ὄντες
762 2121 880 2154 ταύτας
899 2121 922 2151 S
938 2132 944 2152 :
971 2120 1090 2152 ταύτας
1108 2120 1199 2152 ὄντες
1216 2119 1304 2158 vulg.
1413 2128 1451 2149 12

123 2164 194 2196 οὐδὲ
221 2164 254 2196 ἓν
280 2165 399 2197 codd.:
435 2165 526 2197 οὐδὲν
556 2165 667 2195 malim
841 2165 946 2203 15-16
981 2166 1031 2196 καὶ
1059 2187 1067 2195 .
1102 2187 1110 2195 .
1143 2185 1151 2193 .
1179 2163 1360 2200 κτήσασθαι
1384 2172 1450 2193 om.

124 2207 294 2238 Huettner
317 2218 393 2238 cum
413 2208 444 2238 A
581 2219 621 2238 22
646 2207 907 2247 βεβουλευμένον
932 2209 1030 2239 αὐτὸν
1047 2207 1070 2237 S
1083 2207 1114 2236 A
1131 2217 1138 2236 ε
1163 2208 1259 2238 αὐτὸν
1270 2210 1343 2242 βεβ.
1360 2204 1448 2244 vulg.

123 2260 164 2289 23
189 2251 307 2283 ἀναίνει
326 2251 372 2281 S:
398 2252 509 2293 ἀναίνῃ
527 2250 615 2290 vulg.
737 2260 777 2290 25
802 2252 916 2282 ἑαυτοῦ
935 2250 985 2289 Sl,
1010 2259 1096 2280 corr.
1117 2250 1188 2280 ead.
1211 2259 1252 2279 m.
1369 2258 1407 2286 27
1432 2248 1452 2286 ἢ

122 2296 251 2326 τουτονί
269 2294 292 2325 S
309 2294 338 2324 D
356 2306 364 2326 :
387 2295 407 2334 ἢ
424 2297 542 2327 τοῦτον
557 2294 646 2334 vulg.
796 2293 830 2325 εὖ
846 2292 903 2326 οἶδ’
923 2294 972 2325 ὅτι
991 2292 1015 2323 S
1032 2303 1039 2323 ῖ
1062 2294 1123 2334 ’γὰρ
1140 2292 1175 2324 εὖ
1193 2291 1252 2324 οἶδ’
1270 2291 1319 2323 ὅτι
1336 2291 1424 2329 vulg.
1443 2300 1453 2321 t

121 2347 186 2369 om.
205 2337 237 2367 A

1483 106 1600 161 [953]

1481 442 1527 478 29

1479 909 1527 944 30

1483 1360 1604 1417 [954]

1483 1577 1523 1612 31
