1645 2742
568 151 1028 194 PRAEFATIO

139 270 327 324 pendere
347 269 529 308 videtur.
589 267 658 306 hic
680 266 765 306 illic
788 265 1062 306 adfinitatem
1091 278 1188 304 cum
1212 264 1268 314 A,
1287 263 1462 315 saepius

139 352 236 378 cum
267 337 297 378 S
327 336 639 389 deprehendas.
703 349 843 388 neque
872 335 980 374 illud
1013 333 1465 388 praetermittendum,

140 409 384 448 notularum
417 422 526 460 quas
559 406 651 459 FQ
686 406 728 446 in
762 404 953 459 margine
984 403 1222 445 exhibeant
1259 414 1465 454 magnam

140 484 309 531 partem
332 477 373 516 in
396 483 521 516 textu
551 473 836 515 Ambrosiani
866 473 1078 514 exhiberi.
1139 486 1227 512 non
1255 485 1340 512 uno
1369 470 1468 510 loco

141 547 368 587 veritatem
401 552 619 598 praestare
647 544 830 590 videtur,
852 556 886 581 e.
902 556 944 595 g.
966 543 1115 582 Φιλέου
1146 540 1256 594 Arg.
1282 538 1469 587 xxxvii;

142 616 194 667 μὴ
227 614 379 665 ὀμόσας
411 614 515 666 Arg.
549 613 606 660 lii,
638 612 711 652 ubi
743 612 895 663 ὀμόσας
924 610 1063 661 ceteri,
1086 610 1152 650 οὐκ
1185 609 1337 661 ὀμόσας
1363 622 1467 648 con-

145 685 299 724 iecerat
329 682 529 722 W'olfius.
591 681 753 721 codicis
790 679 1000 720 lectiones
1035 678 1196 732 publici
1232 677 1334 717 iuris
1370 676 1469 716 fecit

148 755 179 794 Ι.
206 751 343 806 May,1
366 752 452 804 qui,
475 759 521 791 ut
545 750 630 791 iam
659 750 846 802 aliquem
877 761 1102 788 numerum
1133 747 1329 789 obtineat
1357 746 1469 786 Am-

146 823 383 870 brosianus,
408 820 550 860 nescio
571 833 627 859 an
646 819 828 858 nimium
851 817 889 856 ei
916 816 1129 858 tribuerit.
1189 815 1278 855 suis
1305 815 1469 855 scilicet

146 891 296 932 studiis
317 891 444 930 nimis
466 888 695 942 indulgens
716 887 866 936 multa,
888 892 936 926 ut
959 884 1021 937 fit,
1042 892 1193 939 aperte
1213 885 1367 924 vitiosa
1388 883 1470 923 hoc

146 967 321 1002 auctore
342 965 524 999 conatur
543 957 668 1004 tueri,
690 953 900 997 nonnulla
924 954 1212 994 Demostheni
1234 954 1472 997 obtrudere

147 1043 259 1084 quae
279 1042 420 1082 neque
439 1041 540 1068 vera
561 1039 700 1079 neque
720 1023 971 1066 verisimilia
993 1023 1236 1064 videantur.

206 1099 471 1152 Fragmenta
491 1108 739 1150 papyracea
761 1093 803 1133 in
827 1106 1004 1133 censum
1025 1092 1177 1133 vocavi
1194 1107 1260 1132 :—

211 1165 369 1208 Contra
385 1164 691 1205 Phormionem
714 1161 759 1216 ξξ
781 1171 861 1214 5-7
885 1174 893 1211 ;
921 1175 1028 1202 saec.
1049 1161 1076 1201 ii
1096 1170 1131 1202 P.
1145 1171 1184 1201 C.
1230 1160 1352 1201 Bodl.
1373 1158 1471 1200 MS.

152 1235 225 1276 Gr.
248 1235 368 1276 class.
392 1234 419 1275 f.
442 1243 496 1285 47
522 1233 608 1286 (P).

205 1305 289 1345 hoc
316 1310 427 1344 teste
452 1303 627 1356 insuper
658 1302 890 1342 damnatur
917 1298 1168 1352 Augustani
1192 1315 1237 1351 γε
1259 1297 1474 1352 particula

151 1373 455 1413 infelicissima.
513 1371 656 1411 eidem
677 1369 817 1410 codici
840 1367 1018 1422 δραχμάς
1041 1367 1262 1408 omittenti
1280 1381 1475 1420 papyrus

152 1443 403 1495 refragatur.
463 1439 689 1494 proprium
711 1438 794 1478 sibi
820 1438 990 1486 ποιῆσαι
1010 1435 1158 1486 habet,
1185 1436 1260 1475 ubi
1291 1434 1477 1485 ποιήσειν

154 1512 183 1552 S
198 1511 258 1564 A,
278 1513 404 1550 ποιεῖν
426 1509 464 1549 F
478 1508 518 1562 Q
536 1507 763 1548 exhibent.
823 1505 979 1546 vellem
998 1505 1200 1558 equidem
1219 1518 1298 1557 pro
1315 1504 1478 1558 exiguo

151 1581 234 1621 hoc
260 1578 444 1620 frustulo
474 1575 699 1631 paululum
730 1573 838 1614 lucis
870 1573 1097 1626 posteriori
1128 1573 1240 1626 parti
1271 1573 1478 1613 orationis

154 1648 414 1698 accessisset,
455 1646 528 1687 ubi
570 1643 812 1697 corruptela
852 1644 1050 1695 graviore
1092 1642 1289 1683 laborare
1330 1649 1478 1683 textus

154 1717 335 1756 videtur.

215 1785 377 1826 Contra
397 1783 598 1823 Boeotum
623 1783 641 1822 I
666 1781 711 1834 ξξ
736 1792 868 1834 7-—233
902 1793 1010 1819 saec.
1030 1780 1056 1818 ii
1076 1789 1112 1819 P.
1130 1788 1169 1819 C.
1244 1780 1347 1832 023¹.
1369 1781 1477 1833 Pap.

155 1853 238 1894 viii.
267 1866 385 1907 1093.

211 1937 311 1962 cum
342 1922 535 1961 Parisino
561 1920 818 1973 plerumque
847 1917 977 1958 facit:
1011 1917 1080 1957 hic
1103 1917 1185 1957 illic
1215 1917 1477 1957 deteriorum

156 1991 335 2030 exhibet
352 1990 571 2041 lectiones,
584 2003 673 2042 e.g.
691 1987 828 2027 codici
846 1987 886 2040 Q
906 1986 1164 2040 suffragatur
1181 1986 1361 2026 verbum
1379 1986 1481 2036 ἡμᾶς

161 2060 198 2112 (ξ
240 2058 307 2111 11)
338 2058 571 2099 omittenti.
644 2057 841 2109 proprias
873 2055 1080 2095 lectiones
1110 2054 1244 2095 habet
1275 2055 1480 2108 quinque,

158 2127 319 2167 nullam
341 2133 490 2166 tamen
511 2138 643 2178 quam
667 2125 710 2164 in
732 2130 905 2164 textum
927 2124 1152 2164 adsciscas.

221 2194 380 2236 Contra
396 2193 598 2234 Boeotum
618 2194 661 2233 II
682 2194 727 2247 ξξ
742 2202 881 2246 52—53
898 2208 909 2240 3
933 2206 1044 2232 saec.
1064 2193 1090 2231 ii
1108 2201 1145 2231 P.
1162 2199 1201 2230 C.
1249 2190 1353 2243 Oxy.
1370 2191 1479 2245 Pap.

162 2266 212 2305 iv,
240 2275 333 2315 702.

221 2333 451 2372 lectionum
484 2331 795 2384 discrepantias
826 2331 1098 2371 commodius
1128 2331 1181 2370 ad
1218 2331 1359 2370 locum
1383 2342 1477 2369 con-

407 2422 415 2439 ¹
441 2422 529 2452 Neue
545 2421 779 2461 Philologt’sclte
797 2421 1014 2462 Rundsclzau,
1039 2423 1239 2460 1899-1902.

794 2490 851 2513 Vlll
