1685 2772
60 113 180 170 [975]

141 750 183 785 31

143 1246 186 1281 32

642 124 1134 163 ΔΗΜΟΣΘΕΝΟΎΣ
1385 118 1551 173 [xxxvn

215 235 322 274 ἀλλὰ
355 235 418 274 καὶ
453 235 709 276 ἱκετεύοντος·
747 234 874 275 οὐδεὶς
906 234 981 285 γὰρ
1013 232 1157 284 ἤθελεν
1190 231 1381 284 δέχεσθαι
1415 235 1552 271 τοῦτον

215 303 407 353 πρατῆρα.
468 302 510 341 τί
540 302 610 341 οὖν
635 304 675 342 αἱ
704 303 772 351 τῆς
805 300 1044 352 μισθώσεως
1075 300 1243 340 ἐνταῦθα
1269 301 1479 349 συνθῆκαι;
1518 298 1557 337 τί

214 368 330 414 τοῦτ’,
365 366 395 408 ὦ
429 367 647 420 φαυλότατ’
681 368 912 420 ἀνθρώπων,
950 366 1194 419 ἐνέγραψας;
1246 366 1353 405 ἀλλὰ
1384 365 1461 416 μὴν
1494 365 1555 404 ὅτι

216 438 291 475 σοῦ
317 435 547 476 κελεύοντος
573 434 636 475 καὶ
662 434 726 487 ἐφ’
753 435 895 486 οἷσπερ
919 432 1110 485 ἐωνήμεθ’
1129 432 1239 473 αὐτοὶ
1264 431 1385 473 πάλιν
1410 432 1551 473 ἀπεδό-

215 504 328 553 μεθα,
355 500 451 554 λέγε
475 501 546 552 τὴν
571 502 799 554 μαρτυρίαν.

778 653 988 682 MAPT'rplA.

286 738 510 788 Μαρτυρεΐς
543 736 675 775 τοίνυν
701 734 763 774 καὶ
797 734 859 774 σύ*
898 734 922 774 ἃ
951 735 1025 786 γὰρ
1051 733 1162 783 ἡμεῖς
1187 729 1304 771 πέντε
1329 730 1392 770 καὶ
1418 729 1556 770 ἑκατὸν

218 805 325 854 μνῶν
345 801 560 853 ἐωνήμεθα,
582 801 692 842 ταῦθ’
712 802 879 853 ὕστερον
899 804 1018 853 τριῶν
1037 799 1244 840 ταλάντων
1265 799 1327 837 καὶ
1346 798 1557 850 δισχιλίων

220 870 282 909 καὶ
315 868 535 919 ἑξακοσίων
561 869 707 910 ἀπέδου
734 869 798 908 σύ·
836 870 963 909 καίτοι
992 869 1053 908 τίς
1085 866 1133 906 ἂν
1167 862 1350 914 καθάπαξ
1379 864 1558 916 πρατῆρά

219 936 258 976 σ’
278 936 383 990 ἔχων
404 937 469 977 σοὶ
495 936 673 990 δραχμὴν
694 936 814 977 ἔδωκε
837 937 949 986 μίαν;
989 935 1096 975 ἀλλὰ
1119 932 1197 985 μὴν
1216 933 1276 972 ὅτι
1302 931 1407 972 ταῦτ’
1427 932 1556 983 ἀληθῆ

219 1003 339 1057 λέγω,
368 1004 480 1045 κάλει
504 1021 571 1056 μοι
596 1004 745 1044 τούτων
769 1002 861 1045 τοὺς
884 1001 1094 1055 μάρτυρας.

780 1144 1000 1174 ΜΑΡΤΊῬΕΣ.

283 1226 423 1280 ’Έχων
452 1228 525 1278 μὲν
554 1228 688 1267 τοίνυν
717 1224 766 1276 ἣν
795 1225 960 1275 ἐπείσθη
994 1227 1072 1265 τῶν
1102 1224 1221 1264 αὑτοῦ
1252 1221 1380 1274 τιμήν,
1407 1222 1558 1274 δεηθεὶς

72 1299 189 1355 [976]
222 1294 254 1334 δ’
287 1296 380 1346 ἐμοῦ
413 1294 456 1334 τὸ
490 1294 680 1347 γενέσθαι
714 1295 894 1345 πρατῆρα
927 1290 1010 1331 καθ’
1043 1290 1064 1331 ὃ
1097 1290 1327 1341 συνέβαλον
1359 1290 1554 1343 ἀργύριον,

144 1706 188 1742 33

221 1361 338 1403 αὑτὸς
373 1364 481 1401 δυοῖν
517 1360 731 1401 ταλάντοιν
768 1357 1085 1412 προσδικάζεται.
1147 1358 1210 1398 καὶ
1242 1359 1289 1397 τὰ
1325 1358 1447 1397 λοιπὰ
1483 1360 1558 1397 τῶν

219 1428 480 1481 ἐγκλημάτων
506 1427 560 1468 ἔτ’
589 1429 677 1468 ἐστὶ
704 1427 916 1479 δεινότερα.
976 1425 1073 1478 λέγε
1097 1423 1143 1475 δή
1168 1441 1234 1476 μοι
1258 1423 1303 1464 τὸ
1326 1427 1467 1465 λοιπὸν
1492 1427 1560 1478 τοῦ

219 1494 479 1548 ἐγκλήματος.

789 1602 993 1629 ΕΓΚΛΗΜΑ.

288 1682 471 1724 Ἐνταυθὶ
496 1681 616 1723 πόλλ’
642 1682 740 1722 ἄττα
772 1683 836 1722 καὶ
869 1680 978 1722 δεινά
1001 1698 1068 1732 μοι
1092 1680 1157 1732 ἅμ’
1186 1681 1360 1733 ἐγκαλεῖ·
1399 1679 1461 1719 καὶ
1486 1680 1560 1732 γὰρ

222 1752 371 1791 αἴκειαν
393 1749 456 1790 καὶ
475 1750 594 1801 ὕβριν
615 1749 678 1789 καὶ
698 1750 845 1801 βιαίων
866 1749 929 1790 καὶ
949 1748 1047 1799 πρὸς
1067 1746 1302 1800 ἐπικλήρους
1327 1745 1557 1797 ἀδικήματα.

222 1818 370 1857 τούτων
396 1816 427 1856 δ’
455 1816 557 1857 εἰσὶν
579 1815 751 1857 ἑκάστου
775 1817 899 1869 χωρὶς
919 1817 958 1856 αἱ
983 1816 1086 1856 δίκαι
1112 1814 1174 1855 καὶ
1198 1815 1288 1855 οὔτε
1312 1813 1409 1866 πρὸς
1433 1812 1560 1866 ἀρχὴν

221 1884 293 1935 τὴν
329 1883 450 1934 αὐτὴν
482 1882 564 1924 οὔθ’
600 1885 698 1935 ὑπὲρ
741 1882 969 1934 τιμημάτων
1005 1886 1083 1923 τῶν
1119 1882 1259 1927 αὐτῶν,
1298 1880 1391 1921 ἀλλ’
1427 1880 1450 1931 ἡ
1487 1882 1560 1931 μὲν

222 1953 348 1992 αἴκεια
374 1951 436 1991 καὶ
461 1952 509 1990 τὰ
535 1954 613 1992 τῶν
633 1952 779 2002 βιαίων
800 1955 896 2003 πρὸς
920 1949 1011 1992 τοὺς
1034 1948 1333 2001 τετταράκοντα,
1360 1949 1399 1988 αἱ
1424 1949 1466 1988 δὲ
1491 1950 1560 1998 τῆς

221 2019 375 2070 ὕβρεως
405 2017 501 2069 πρὸς
533 2017 624 2060 τοὺς
657 2017 912 2068 θεσμοθέτας,
941 2018 1019 2057 ὅσα
1045 2016 1077 2057 δ’
1104 2018 1158 2059 εἷς
1188 2015 1435 2067 ἐπικλήρους,
1463 2014 1560 2066 πρὸς

223 2085 291 2126 τὸν
323 2085 511 2138 ἄρχοντα.
585 2086 620 2125 οἱ
651 2087 693 2125 δὲ
724 2086 837 2136 νόμοι
871 2084 934 2125 καὶ
966 2084 1114 2124 τούτων
1145 2084 1300 2124 διδόασι
1332 2084 1401 2123 τὰς
1434 2098 1557 2133 παρα-

1575 513 1592 545 5

1579 953 1619 976 ῘΟ

1581 1376 1618 1409 15

1580 1769 1621 1791 20

1581 2102 1618 2133 25

269 2196 289 2225 8
316 2196 494 2236 ἐωνήμεθα]
514 2194 693 2234 ἀπεδόμεθα
710 2193 776 2225 SA
918 2203 1005 2233 9-10
1028 2193 1172 2235 πρατῆρά
1189 2195 1220 2225 σ’
1242 2193 1327 2232 ἔχων
1343 2191 1459 2223 Wolf:
1481 2205 1558 2232 πρα-
1599 2191 1601 2193 ’

225 2238 420 2280 τηρασέχων
438 2239 481 2270 S:
501 2240 663 2280 πρατῆρας
682 2239 767 2277 ἔχων
784 2237 872 2276 vulg.
969 2246 1003 2267 11
1030 2237 1153 2268 τούτων
1171 2235 1236 2275 SQ
1250 2236 1279 2266 D
1295 2247 1302 2266 ε
1326 2236 1376 2267 καὶ
1394 2234 1516 2267 τούτων
1528 2234 1559 2265 Α

230 2292 268 2321 14
293 2282 319 2314 δ’
339 2285 414 2321 ἐμοῦ
431 2282 461 2312 Α
478 2294 484 2312 :
510 2281 546 2314 δέ
563 2295 624 2321 μου
639 2281 728 2319 vulg.
819 2294 857 2312 το
876 2280 899 2310 S
917 2280 949 2310 in
969 2281 1036 2311 fine
1053 2290 1192 2311 versus:
1217 2279 1295 2311 τότε
1311 2279 1400 2317 vulg.
1520 2287 1558 2316 15

229 2327 323 2359 αὑτὸς
341 2325 460 2357 Blass:
487 2326 580 2357 αὐτὸς
598 2325 686 2363 vulg,
707 2324 796 2362 (sine
814 2324 935 2363 spiritu
954 2323 991 2359 S)
1129 2333 1168 2363 19
1194 2321 1378 2354 ἐνταυθοῖΑ
1391 2321 1453 2351 DF
1471 2331 1556 2352 corr.

229 2369 308 2409 ἅμα]
326 2375 412 2401 αλλα
430 2368 454 2399 S
586 2377 629 2398 20
653 2381 773 2400 attestant
791 2367 833 2398 S:
859 2368 962 2399 αἰκίαν
978 2367 1067 2405 vulg.
1218 2376 1260 2405 23
1285 2368 1385 2398 αἴκεια
1404 2365 1428 2395 S
1443 2376 1449 2395 :
1474 2366 1560 2397 αἰκία

229 2413 316 2450 vulg.
452 2415 534 2451 rim)
553 2413 620 2453 περὶ
638 2415 703 2443 τῶν
719 2411 750 2441 Α
884 2421 925 2449 24
951 2412 994 2443 εἰς
1011 2421 1077 2442 om.
1098 2409 1122 2440 S
