1685 2772
77 132 201 187 [964]

78 729 201 786 [965]

80 2047 205 2101 [966]

661 143 1154 182 ΔΗΜΟΣΘΕΝΟΤΣ
1403 139 1568 194 [xxxvn

236 248 401 299 Εὔεργον
439 247 616 286 ἐκπεσών.
676 248 738 285 επὶ
775 248 917 287 τούτοις
957 247 1015 285 καὶ
1054 248 1158 297 δίκην
1190 248 1303 299 ἔλαχε
1336 251 1387 299 τῷ
1421 249 1572 301 Εὐέργῳ

234 303 406 351 βλάβης,
429 301 488 339 καὶ
515 300 613 340 εἷλεν
639 302 761 340 αὐτόν.
820 303 866 342 ὡς
892 301 921 340 δ’
949 304 1106 352 ἐπανῆκε
1131 302 1190 340 καὶ
1217 304 1237 341 ὁ
1262 288 1503 351 Νικόβουλος
1532 306 1572 342 ἐκ

234 358 299 405 τῆς
337 355 542 405 ἀποδημίας
582 356 642 394 καὶ
681 356 870 395 δανεισταὶ
907 356 1051 395 πολλοί
1083 374 1177 397 τινες
1221 357 1463 405 ἀνεφαίνοντο
1506 360 1572 396 τοῦ

237 411 487 449 Πανταινέτου
519 411 700 460 πρότερον
734 412 987 462 ἀγνοούμενοι,
1020 411 1144 463 λόγων
1176 413 1331 449 πολλῶν
1361 412 1572 463 λεγομένων

236 466 348 515 πέρας
367 466 587 514 συνέβησαν
608 466 704 503 ὥστε
726 465 971 515 Νικόβουλον
990 467 1058 515 μὲν
1079 467 1139 503 καὶ
1158 467 1323 517 Εὔεργον
1344 467 1570 515 ἀπολαμβά-
1591 478 1609 512 5

237 536 363 560 νοντας
393 520 522 557 ἑκατὸν
552 520 612 557 καὶ
639 520 748 557 πέντε
776 523 871 569 μνᾶς
906 522 1115 568 ἀποστῆναι
1142 522 1208 557 τοῦ
1237 520 1482 570 ἐργαστηρίου
1512 520 1572 558 καὶ

235 577 306 613 τῶν
335 573 582 623 ἀνδραπόδων,
612 576 727 612 ταῦτα
757 574 795 612 δὲ
824 575 908 614 τοὺς
943 575 1086 623 ἑτέρους
1119 574 1357 614 δανείσαντας
1387 575 1568 614 ὠνεῖσθαι.

235 629 350 667 πάλιν
369 626 400 666 δ’
421 630 486 666 οὐκ
514 628 716 667 ἐθελόντων
741 632 813 667 τῶν
840 629 1042 666 δανειστῶν
1070 628 1243 666 ὠνεῖσθαι
1265 630 1312 667 τὸ.
1339 629 1518 679 κτήματα,
1541 631 1571 667 εἶ

234 684 287 733 μὴ
321 685 503 732 πρατῆρες
535 683 638 721 αυτοὶ
673 683 732 721 καὶ
766 683 976 732 βεβαιωταὶ
1014 683 1201 735 γίγνοιντο
1239 683 1478 731 Νικόβουλος
1511 684 1571 723 καὶ

236 739 408 789 Εὔεργος,
432 737 596 776 πειθεται
616 755 679 776 ουν
699 739 719 776 ὁ
745 738 985 787 Νικόβουλος
1013 738 1073 775 καὶ
1096 737 1155 775 ὑπ’
1175 739 1286 775 αὐτοῦ
1307 738 1568 785 Πανταινέτου,

240 793 331 831 καθά
365 796 494 841 φησιν,
533 793 756 842 ἀξιούμενος,
790 794 832 830 οὐ
871 793 1051 842 πρότερον
1086 791 1115 830 δ’
1149 791 1355 837 ἀνεδεξατο,
1387 793 1475 843 πρὶν
1508 793 1572 831 τὸν

237 848 486 885 Πανταίνετον
524 847 662 896 ἄφεσιν
700 849 796 899 αὐτῷ
834 848 970 887 παντὸς
1009 847 1244 899 ἐγκλήματος
1281 847 1415 885 δοῦναι.
1474 849 1494 886 ὁ
1533 847 1572 886 δὲ

237 902 483 942 Πανταίνετος
503 902 613 939 ἔδωκε
631 903 700 951 μὲν
718 902 786 951 τὴν
805 903 943 950 ἄφεσιν
966 902 1025 939 καὶ
1046 902 1187 950 ἐπράθη
1199 903 1246 939 τὰ
1266 902 1445 952 κτήματα,
1468 902 1572 940 οὐδὲν

236 956 266 995 δ’
286 956 395 1005 ἧττον
416 957 475 994 καὶ
494 957 610 1007 τούτῳ
625 957 693 1005 τὴν
713 957 826 1006 αὐτὴν
843 956 958 1006 ἥνπερ
974 956 1126 1007 Εὐέργῳ
1147 955 1250 1005 δίκην
1271 956 1410 1008 εἴληχε,
1432 960 1570 1006 μεταλ-

236 1012 345 1060 λικὴν
383 1011 678 1063 ἐπιγραφόμενος
715 1012 784 1060 τὴν
822 1011 936 1060 δίκην,
977 1012 1024 1051 ὡς
1063 1011 1107 1059 δὴ
1145 1013 1217 1049 τῶν
1253 1027 1293 1048 τε
1329 1012 1377 1049 τὰ
1413 1011 1571 1060 μέταλλ’

237 1065 488 1117 ἐργαζομένων
514 1065 563 1106 εἷς
590 1065 637 1104 ὢν
657 1066 716 1103 καὶ
743 1066 827 1115 περὶ
853 1066 1048 1115 μέταλλον
1075 1065 1303 1115 ἠδικημένος.
1363 1068 1516 1117 ἐγκαλεῖ
1533 1066 1572 1105 δὲ

235 1123 287 1171 τῷ
308 1121 536 1171 Νικοβούλῳ
556 1121 615 1158 καὶ
635 1121 717 1170 περὶ
743 1122 809 1170 τῆς
833 1123 905 1158 τῶν
931 1120 1134 1171 χρημάτων
1157 1121 1389 1170 ἀφαιρέσεως
1407 1123 1479 1159 τῶν
1498 1121 1570 1159 ὑπὸ

237 1177 302 1214 τοῦ
322 1175 463 1213 οἰκέτου
490 1175 748 1224 κομιζομένων,
773 1174 832 1212 καὶ
858 1175 941 1224 περὶ
968 1177 1034 1224 τῆς
1058 1177 1124 1213 τοῦ
1152 1175 1399 1227 ἐργαστηρίου
1419 1175 1479 1213 καὶ
1497 1178 1569 1214 τῶν

239 1229 474 1280 ἀνδραπόδων
492 1230 662 1279 πράσεως
684 1229 783 1279 (ὡς)
805 1231 907 1279 παρὰ
932 1230 998 1270 τὰς
1026 1229 1213 1278 συνθήκας
1232 1230 1486 1282 γεγενημένης,
1509 1230 1569 1267 καὶ

237 1285 363 1334 μέντοι
390 1285 449 1323 καὶ
474 1285 558 1333 περὶ
585 1285 713 1334 ἑτέρων
732 1287 850 1324 τινῶν.
909 1285 928 1322 ὁ
956 1284 996 1323 δὲ
1023 1284 1264 1333 Νικόβουλος
1282 1286 1568 1336 παραγράφεται

237 1340 301 1378 τὸν
321 1342 446 1391 ἀγῶνα
466 1338 545 1377 καθ’
566 1340 628 1377 ἕνα
647 1340 714 1388 μὲν
741 1340 877 1377 ἐκεῖνον
902 1338 1018 1389 νόμον
1037 1340 1102 1377 τὸν
1123 1339 1331 1387 κελεύοντα,
1354 1340 1436 1389 περὶ
1456 1339 1504 1378 ὧν
1524 1338 1568 1378 ἂν

238 1395 375 1442 ἄφεσις
419 1394 479 1432 καὶ
523 1394 728 1444 ἀπαλλαγὴ
771 1394 933 1446 γένηται,
975 1394 1061 1443 περὶ
1099 1394 1238 1432 τούτων
1272 1392 1399 1443 μηκέτ’
1437 1395 1568 1440 ἐξεῖναι

238 1448 462 1496 δικάζεσθαι,
486 1447 565 1487 καθ’
585 1449 707 1498 ἕτερον
727 1447 757 1487 δ’
777 1451 923 1494 ἐκεῖνον,
947 1447 986 1488 ὃς
1007 1448 1206 1498 διαρρήδην
1225 1449 1285 1487 καὶ
1305 1451 1438 1497 σαφῶς
1458 1449 1569 1498 ὁρίζει

237 1504 321 1553 περὶ
341 1503 446 1542 τίνων
461 1503 516 1541 δεῖ
531 1505 596 1544 τὰς
610 1504 837 1553 μεταλλικὰς
857 1502 958 1543 δίκας
974 1503 1150 1555 εἰσάγειν,
1169 1503 1217 1542 ὧν
1236 1503 1340 1542 οὐδὲν
1358 1503 1569 1542 πεπονθότα

239 1559 488 1596 Πανταίνετον
516 1558 659 1598 ἀτόπως
688 1558 788 1607 φησὶ
819 1558 1052 1608 μεταλλικὴν
1087 1558 1301 1605 δικάζεσθαι
1334 1558 1447 1607 δίκην.
1509 1559 1568 1596 καὶ

238 1613 313 1664 μὴν
328 1613 388 1651 καὶ
399 1612 523 1663 τρίτον
538 1613 738 1664 παρέχεται
757 1612 881 1662 νόμον,
895 1611 934 1652 ὃς
950 1612 1081 1662 διαιρεῖ
1099 1613 1181 1662 περὶ
1196 1613 1311 1651 ποίων
1326 1613 1569 1664 ἐγκλημάτων

237 1669 328 1706 ποῖα
346 1668 419 1718 χρὴ
441 1667 571 1717 κρίνειν
597 1668 818 1717 δικαστήρια
843 1667 902 1705 καὶ
922 1667 1029 1706 ποίας
1051 1669 1166 1718 ἀρχὰς
1187 1668 1351 1720 εἰσάγειν
1369 1669 1434 1707 τὰς
1455 1667 1567 1707 δίκας·

239 1723 488 1761 Πανταίνετον
526 1722 566 1760 δέ
601 1726 700 1771 φησι
729 1722 830 1771 παρὰ
867 1724 998 1760 τοῦτον
1031 1725 1149 1760 ποιεῖν
1178 1723 1242 1761 τὸν
1275 1722 1398 1772 νόμον,
1430 1721 1569 1760 ποικίλ’

239 1775 444 1829 ἐγκλήματ’
462 1778 510 1816 εἷς
525 1777 658 1814 ταύτὸν
675 1777 835 1826 μίξαντα
849 1777 909 1814 καὶ
923 1777 1006 1827 περὶ
1019 1778 1166 1815 πάντων
1182 1776 1274 1827 (ἐν)
1291 1781 1340 1829 τῷ
1354 1779 1568 1845 [Lerakktxffi

1594 755 1633 776 10

1593 1022 1629 1054 Ι5

1591 1296 1631 1318 20

1590 1568 1629 1600 ²5

239 1832 461 1882 δικαστηρίῳ
489 1832 556 1880 τὴν
585 1831 808 1899 κατηγορίαν
837 1832 1066 1881 ποιούμενον.
1125 1835 1174 1883 τῷ
1203 1833 1269 1881 μὲν
1298 1831 1361 1870 οὖν
1388 1848 1472 1881 περι
1504 1833 1570 1880 τῆς
1590 1841 1631 1872 30

239 1887 409 1935 ἀφέσεως
432 1885 530 1936 νόμῳ
558 1885 634 1923 κατ’
655 1887 770 1936 ἀρχὰς
798 1886 983 1936 κέχρηται,
1005 1902 1081 1926 τοις
1105 1886 1143 1924 δὲ
1170 1886 1233 1923 δύο
1253 1888 1328 1926 τοῖς
1348 1886 1483 1936 ετέροις
1510 1886 1569 1923 ἐπὶ

238 1943 303 1979 τοῦ
329 1941 469 1985 τέλους,
495 1940 555 1977 καὶ
581 1940 785 1990 ἀρχόμενος
812 1941 885 1978 ἀπὸ
912 1943 977 1990 τῆς
1003 1942 1254 1991 παραγραφῆς
1280 1941 1340 1979 καὶ
1365 1941 1491 1992 λήγων
1521 1942 1569 1981 εἷς

239 1995 384 2044 ταύτην.
445 1997 482 2032 ἐν
508 1994 546 2032 δὲ
571 1994 675 2046 μέσῳ
701 2012 770 2044 την
797 1994 1001 2033 ευθυδικίαν
1020 2011 1229 2043 πεποιηκεν,
1250 1994 1293 2043 ἧς
1310 1995 1490 2046 μέγιστον
1510 1994 1570 2032 καὶ

240 2049 484 2100 ἰσχυρότατόν
505 2051 618 2094 ἐστιν,
636 2049 692 2087 ὅτι
711 2048 796 2099 μηδ’
812 2049 1034 2098 ἐπιδημῶν’
1018 2049 1193 2100 ετύγχανε
1212 2049 1296 2087 τότε
1316 2049 1568 2098 Νικόβουλος,

239 2103 291 2141 ὅτ’
314 2103 531 2154 (ἔπασχεν)
566 2104 812 2144 Πανταίνετος
836 2105 963 2150 ἐκεῖνα,
994 2102 1053 2152 ἐφ’
1072 2102 1125 2143 οἷς
1151 2102 1226 2142 τότ’
1251 2104 1400 2156 Εὐέργῳ
1428 2103 1487 2141 καὶ
1507 2105 1570 2142 νῦν
1589 2113 1627 2145 35

241 2159 468 2209 Νικοβούλῳ
488 2158 554 2206 τὴν
574 2157 677 2207 δίκην
698 2158 857 2210 εἴληχεν.

287 2272 326 2292 10
351 2262 404 2294 οὖν
423 2261 448 2291 F
460 2260 489 2290 D
502 2260 525 2291 S
542 2272 549 2291 ε
572 2260 631 2301 μὲν
649 2261 807 2292 Foerster
826 2261 952 2292 omisso
970 2261 1021 2293 καὶ
1039 2265 1116 2300 post
1133 2259 1332 2298 Νικόβουλος
1451 2270 1484 2291 11
1510 2260 1569 2292 τὸν

242 2306 265 2337 S
281 2317 287 2337 ε
312 2308 368 2337 τοῦ
384 2305 470 2344 vulg.
493 2305 583 2344 quod
601 2305 785 2335 defendere
806 2305 915 2344 possis
1082 2314 1119 2343 15
1145 2304 1401 2346 ἐπιγραφόμενος
1419 2303 1545 2334 Reiske
1561 2314 1568 2333 z

242 2349 354 2390 ἐπιγρά
383 2362 425 2380 ων
457 2348 573 2379 Wolf:
613 2348 846 2390 ἐπιγράφοντες
879 2349 904 2378 F
919 2348 947 2378 D
961 2347 984 2378 S
1166 2358 1205 2387 19
1240 2347 1323 2390 (ὡς)
1354 2348 1431 2378 add.
1469 2347 1567 2377 Blass

241 2403 282 2432 29
305 2356 382 2434 (ἐνῗ
398 2392 476 2423 add.
495 2392 595 2423 Wolf
701 2401 742 2431 35
761 2391 949 2434 (ἔπασχεν)
968 2396 1046 2423 ante
1066 2394 1172 2424 ἐκεῖνα
1188 2391 1259 2422 add.
1277 2391 1381 2422 Wolf.
1415 2392 1423 2406 ‘
1439 2391 1568 2422 facilius

240 2435 403 2467 exciderit
427 2441 506 2466 ante
531 2435 745 2468 Πανταίνετος
758 2434 765 2447 ’
784 2435 874 2475 (edd.
895 2435 1011 2476 Turr.)
1144 2434 1232 2476 τότ’]
1250 2439 1294 2476 τῷ
1311 2449 1347 2467 τε
1367 2435 1431 2465 FD
1447 2435 1471 2466 S
