1685 2772
41 117 158 173 ι857]

115 239 160 272 44

114 712 158 748 45

41 965 162 1021 [858]

617 117 1110 156 ΔΗΜΟΣΘΕΝΟΎΣ
1404 111 1521 167 [xxm

190 229 358 280 νομίζων
382 227 489 269 ταῦτ’
514 229 787 280 ἐπιδειχθῆναι
815 226 906 279 παρ’
931 228 1034 278 ὑμῖν.
1106 224 1240 276 ἐπειδὴ
1265 226 1397 267 τοίνυν
1422 226 1522 278 ὡμο-

189 296 330 348 λόγηθ’
359 295 424 336 ὑπ’
456 295 574 336 αὐτοῦ
606 295 744 335 τούτου
776 294 846 334 τὸν
879 293 1013 346 πατέρ’
1043 293 1154 344 ἡμῶν
1182 297 1428 334 τελευτῶντα
1457 310 1522 334 το-

191 366 336 404 σοῦτον
385 363 570 415 ἀργύριον
618 362 768 402 τούτων
818 360 973 415 ἑκάστῳ
1027 363 1171 406 δοῦναι,
1226 360 1434 411 τεκμήριον
1489 361 1526 400 οἱ

191 430 414 480 δικάζοντες
458 431 548 470 τότε
594 430 664 470 τὰς
712 429 930 480 ὁμολογίας
976 426 1220 477 ἐποιήσαντο
1269 427 1412 468 ταύτας
1459 430 1527 467 τοῦ

191 496 366 548 πλήθους
389 501 466 537 τῶν
491 495 719 550 χρημάτων·
760 497 871 536 ὅστις
897 497 973 547 γὰρ
1000 494 1077 534 ἀπὸ
1102 498 1179 534 τῶν
1204 496 1330 534 ὄντων
1362 493 1526 545 τέτταρα

191 563 368 604 τάλαντα
392 564 455 604 καὶ
480 564 709 616 τρισχιλίας
736 566 877 614 προῖκα
905 561 966 601 καὶ
992 563 1142 614 δωρεὰν
1167 561 1323 607 ἔδωκεν,
1352 560 1526 614 φανερὸν

192 630 239 681 ἣν
266 632 325 671 ὅτι
351 631 417 670 οὐκ
444 630 521 671 ἀπὸ
545 633 684 682 μικρᾶς
711 631 862 675 οὐσίας,
891 630 1000 669 ἀλλὰ
1031 628 1156 669 πλέον
1185 624 1208 678 ἢ
1242 629 1456 669 διπλασίας
1481 627 1527 678 ἧς

193 697 278 748 ἐμοὶ
305 697 535 737 κατέλειπεν
560 696 667 737 ταῦτ’
695 698 878 749 ἀφεῖλεν.
969 695 1013 735 οὗ
1040 697 1114 748 γὰρ
1138 694 1187 735 ἂν
1213 695 1340 735 ἐδόκει
1362 694 1431 735 τὸν
1454 696 1527 746 μὲν

191 763 275 805 υἱὸν
308 765 377 815 ἐμὲ
406 762 555 814 πένητα
584 763 813 815 βούλεσθαι
843 765 1108 812 καταστῆσαι,
1136 761 1296 804 τούτους
1329 764 1371 802 δὲ
1401 767 1523 802 πλου-

194 831 304 873 σίους
345 833 461 872 ὄντας
503 830 562 871 ἔτι
602 829 924 881 πλουσιωτέρους
965 832 1131 880 ποιῆσαι
1174 831 1390 879 ἐπιθυμεῖν,
1433 827 1527 868 ἀλλ’

193 899 310 939 ἕνεκα
332 902 399 938 τοῦ
424 897 598 948 πλήθους
622 902 700 938 τῶν
737 897 822 949 ἐμοὶ
857 895 1204 947 καταλειπομένων
1229 897 1460 952 Θηριππίδῃ
1485 912 1528 936 τε

193 967 263 1007 τὰς
301 964 576 1016 ἑβδομήκοντα
614 967 713 1016 μνᾶς
757 965 819 1004 καὶ
859 967 1107 1016 Δημοφῶντι
1145 965 1193 1003 τὸ.
1232 963 1300 1003 δύο
1336 962 1526 1008 τάλαντα,

196 1033 302 1073 οὔπω
327 1032 517 1083 μέλλοντι
542 1038 589 1089 τῇ
616 1034 773 1089 ἀδελφῇ
799 1037 848 1089 τῇ
885 1033 959 1088 ἐμῇ
989 1029 1256 1080 συνοικήσειν,
1285 1032 1528 1083 καρποῦσθαι

195 1103 343 1140 δοῦναι.
413 1104 534 1140 ταῦτα
558 1099 603 1150 δὴ
630 1101 678 1138 τὰ
710 1098 879 1152 χρήματ’
904 1098 1075 1149 οὐδαμοῦ
1102 1097 1302 1150 παραδοὺς
1326 1098 1526 1149 ἐφαίνετο,

195 1167 275 1208 οὐδ’
312 1166 464 1207 ἐλάττω
498 1170 664 1218 μικροῖς·
716 1167 823 1206 ἀλλὰ
853 1167 901 1206 τὰ
932 1167 1006 1217 μὲν
1036 1165 1294 1216 ἀνηλωκέναι,
1331 1166 1380 1204 τὰ
1416 1163 1449 1204 δ’
1483 1164 1528 1204 οὐ

195 1240 221 1274 λ
303 1239 320 1247 Λ
371 1234 386 1249 5!
512 1236 524 1247 Ν
590 1233 598 1247 J
655 1234 664 1247 5
742 1235 772 1248 ’Ν
789 1233 797 1247 Ι
930 1235 942 1245 Χ
1009 1234 1020 1246 Χ
1083 1232 1093 1245 Χ
1195 1236 1212 1244 Λ
1235 1232 1244 1245 5
1280 1232 1294 1246 Ἰ
1448 1232 1462 1244 X
1518 1230 1527 1244 )

163 1280 165 1282 .
224 1239 339 1285 αβειν
366 1240 457 1287 εφη,
483 1251 533 1274 τα
566 1237 584 1273 δ
625 1251 692 1274 ουκ
718 1245 875 1279 ειοεναι,
902 1249 950 1272 τα
984 1236 1024 1272 δε
1054 1249 1123 1272 τον
1150 1234 1233 1272 δειν
1275 1249 1395 1284 εχειν,
1421 1248 1469 1271 τα
1493 1233 1513 1271 δ

122 1784 166 1818 47

197 1302 309 1342 ἔνδον
335 1301 446 1347 εἶναι,
474 1303 521 1341 τὰ
552 1303 593 1342 δὲ
627 1300 758 1341 πάντα
784 1303 943 1352 μᾶλλον
971 1296 996 1351 ἢ
1027 1301 1128 1340 ὅπου
1160 1298 1386 1351 παρέδωκεν
1420 1297 1528 1351 εἶχεν

194 1368 342 1421 λέγειν.

266 1437 367 1487 Περὶ
396 1439 438 1476 δὲ
467 1440 536 1475 τοῦ
567 1453 619 1487 μη
652 1437 967 1489 καταλειφθῆναι
998 1436 1047 1474 τὰ
1082 1433 1252 1487 χρηματ’
1276 1433 1402 1479 ἔνδον,
1427 1432 1525 1485 βού-

196 1508 318 1553 λομαι
343 1507 485 1555 σαφῶς
508 1504 599 1553 ὑμῖν
626 1501 819 1552 ἐπιδεῖξαι
842 1502 1108 1556 ψευδόμενον.
1179 1504 1317 1541 τοῦτον
1348 1502 1423 1553 γὰρ
1459 1500 1528 1539 τὸν

196 1571 320 1622 λόγον
362 1572 553 1616 καθεῖκεν,
590 1569 722 1619 ἐπειδὴ
755 1571 804 1609 τὰ
841 1567 1026 1622 χρήματα
1065 1570 1138 1620 μὲν
1177 1569 1312 1608 πολλὰ
1349 1565 1527 1619 πέφηνεν

197 1639 305 1683 ὄντα,
339 1637 405 1676 οὐκ
445 1637 529 1689 ἔχει
571 1637 604 1676 δ’
642 1634 834 1684 ἐπιδεῖξαι
871 1635 980 1675 ταῦθ’
1015 1636 1065 1676 ὡς
1109 1634 1369 1680 ἀποδέδωκεν,
1401 1632 1449 1673 ἵν’
1486 1630 1532 1682 ἐξ

199 1705 346 1746 εἰκότος
378 1694 492 1744 οὐδὲν
523 1706 727 1755 προσῆκον
761 1703 854 1754 ἡμῖν
886 1703 992 1759 φανῇ
1030 1702 1260 1753 κομίζεσθαι
1290 1700 1338 1740 τά
1373 1699 1409 1752 γ’
1434 1701 1528 1740 ὄντα

198 1771 288 1823 παρ’
314 1771 418 1822 ἡμῖν.
491 1772 524 1811 εἰ
548 1773 620 1822 μὲν
646 1771 778 1810 τοίνυν
811 1771 830 1808 ὁ
860 1769 988 1820 πατὴρ
1022 1769 1183 1819 ἠπίστει
1215 1768 1378 1813 τούτοις,
1406 1769 1528 1817 δῆλον

875 1836 965 1850 ὶΙῖυλ

198 1838 260 1878 ὅτι
284 1838 362 1878 οὔτ’
388 1837 435 1878 ἂν
459 1838 575 1877 τᾶλλ’
596 1837 823 1889 ἐπέτρεπεν,
847 1854 916 1876 ουτ
947 1853 995 1876 αν
1023 1836 1138 1876 ἐκεῖν’
1155 1837 1254 1875 οὕτω
1281 1834 1528 1874 καταλείπων

198 1905 327 1946 αὐτοῖς
361 1906 542 1957 ἔφραζεν·
579 1905 682 1944 ὥστε
716 1905 838 1944 πόθεν
876 1905 1036 1950 ἰ’σασιν;
1076 1904 1109 1943 εἷ
1142 1902 1174 1941 δ’
1204 1903 1420 1947 ἐπίστευεν,
1460 1900 1527 1940 οὐκ

245 2025 258 2045 1
286 2014 477 2056 ὡμολόγητο
495 2014 518 2044 S
535 2026 542 2045 ε
567 2017 766 2055 ὡμολογεῖτο
784 2014 872 2053 vulg.
1027 2024 1045 2042 2
1072 2014 1167 2044 αὐτοῦ
1185 2012 1299 2043 τούτου
1320 2010 1343 2041 S
1355 2010 1406 2041 A:
1431 2012 1529 2042 αὐτοῦ

198 2060 236 2090 τὸ
254 2058 279 2088 F
294 2070 300 2088 :
325 2060 428 2089 αὐτῶν
444 2060 499 2089 τοῦ
518 2059 548 2087 D
566 2068 651 2089 corr.
669 2069 675 2089 ἓ
701 2060 806 2089 αὐτῶν
822 2058 947 2089 τούτων
965 2057 1061 2087 Blass
1195 2066 1212 2095 7
1237 2054 1291 2095 ἧς]
1308 2068 1327 2093 η
1346 2053 1385 2084 Sl
1507 2054 1527 2083 8

198 2101 373 2134 κατέλειπε
389 2101 506 2132 Blass:
531 2101 736 2141 κατέλιπε(ν)
760 2102 858 2132 codd.
1043 2109 1082 2130 10
1107 2101 1295 2138 ἐπιθυμῆσαι
1312 2100 1440 2135 ποιῆσαι
1457 2096 1484 2127 F
1498 2096 1527 2125 D

201 2155 240 2185 13
265 2147 423 2176 συνοικεῖν
440 2145 465 2174 F
479 2145 508 2174 D
660 2155 698 2183 19
721 2146 763 2183 μὴ
781 2155 845 2175 orn.
869 2144 894 2174 F
909 2144 937 2173 D
1094 2152 1131 2172 21
1159 2146 1304 2173 καθεικεν
1322 2140 1365 2172 S:
1392 2142 1528 2177 καθῆκεν

198 2188 285 2227 vulg.
379 2188 541 2228 ἀπέφηνεν
559 2189 583 2219 S
597 2188 629 2218 A
754 2198 795 2217 22
824 2188 893 2227 ἔχει
914 2187 1100 2217 Schaefer:
1126 2186 1247 2226 εἶχε(ν)
1266 2184 1363 2215 codd.
1455 2182 1527 2214 ἀπέ-

199 2235 298 2264 δωκεν
311 2232 342 2262 Α
469 2243 575 2271 23-24
601 2231 688 2263 εἷκότ
700 2245 733 2262 ov
750 2254 757 2261 .
777 2255 784 2262 .
805 2256 811 2262 .
830 2233 900 2269 ὑμῖν
918 2255 925 2261 .
947 2254 954 2261 .
976 2255 983 2262 .
1003 2232 1075 2269 ὑμῖν
1089 2229 1119 2259 Α
1246 2238 1287 2266 24
1311 2228 1419 2259 τοίνυν
1436 2226 1459 2256 S
1472 2226 1526 2257 A:

199 2275 253 2308 οὖν
270 2276 295 2305 F
308 2275 337 2304 D
493 2286 534 2314 25
561 2276 610 2306 ὅτι
628 2285 692 2305 om.
707 2273 756 2309 Sl,
777 2274 851 2304 add.
872 2275 905 2303 in
925 2284 989 2312 mg.
1008 2273 1082 2303 ead.
1102 2283 1145 2304 m.
1260 2272 1354 2303 ἐκεῖν’
1372 2271 1454 2301 οὕτω
1472 2269 1502 2298 Α
1518 2281 1524 2300 :

199 2321 305 2351 ἐκεῖνα
324 2319 408 2349 SD:
437 2321 600 2355 ἐκεινως(α
617 2318 716 2356 sscr.)
736 2316 782 2346 F:
807 2317 895 2348 ταῦθ’
915 2318 996 2348 οὕτω
1014 2316 1105 2346 xxvii
1123 2325 1164 2355 55
1325 2313 1527 2345 καταλείπων

200 2362 347 2392 Reiske:
373 2364 558 2394 καταλιπὼν
578 2362 672 2392 codd.

1547 512 1564 543 5

1550 843 1589 865 10

1551 1170 1588 1202 15

1550 1517 1589 1538 20
