1645 2742
571 142 1038 185 PRAEFATIO

140 256 256 297 sulas
287 261 337 298 ut
366 257 443 298 vix
474 255 584 298 tanti
615 255 672 297 sit
702 255 772 297 hic
804 255 1079 310 subiungere.
1156 257 1232 297 sed
1263 268 1470 308 quorsum

140 325 245 366 haec
266 325 484 380 pertinent
505 324 789 366 testimonia?
839 338 997 379 nempe
1018 325 1113 365 luce
1134 324 1289 365 clarius
1311 323 1471 365 faciunt

139 406 223 433 non
252 393 598 448 Byzantinorum
627 394 801 448 ineptiis
828 394 1185 448 depravationem
1217 407 1470 448 perpessum

140 476 234 504 esse
252 469 429 503 textum
451 463 603 513 nostri,
623 463 701 504 sed
724 462 874 504 multis
896 469 997 503 ante
1017 463 1216 504 saeculis.

195 530 426 572 Orationes
460 531 578 572 xxix
609 538 655 573 et
689 532 821 573 xxxii
855 538 1002 572 utrum
1039 531 1254 585 genuinae
1289 532 1375 572 sint
1416 546 1471 572 an

141 599 432 642 Demostheni
476 599 589 642 falso
633 601 902 654 suppositae,
942 600 986 640 in
1028 601 1175 641 medio
1214 600 1469 653 relinquam.

140 667 265 721 illius,
311 682 443 721 quam
496 670 816 710 damnaverunt
862 669 1004 711 critici
1049 669 1247 723 plerique
1298 669 1468 709 Blassio

139 751 278 791 paene
291 737 384 777 solo
399 738 652 788 reluctante,
666 738 834 779 exstitit
850 751 987 790 nuper
1001 737 1215 787 defensor,
1229 737 1470 790 Engelber-

139 812 210 846 tus
232 806 420 859 Drerup,
436 805 479 846 in
493 805 606 847 libro
627 805 701 847 illo
716 820 800 846 non
816 805 998 859 illepido
1015 805 1089 860 qui
1105 806 1353 848 inscribitur
1373 806 1471 847 Ans

138 875 259 915 einer
305 875 425 916 alten
472 874 514 915 A
520 874 956 928 dvokatenrepublik:
1010 875 1177 916 scilicet
1228 875 1468 916 orationem

140 956 226 984 non
264 943 571 997 pronuntiasse
610 944 958 985 Demosthenem
997 943 1075 984 sed
1118 944 1234 986 intra
1280 944 1470 998 parietes

138 1012 436 1054 elucubratam
457 1012 703 1066 divulgasse
725 1019 772 1054 ut
795 1027 888 1054 sese
909 1014 1154 1054 venditaret
1176 1014 1440 1055 causidicum
1460 1029 1468 1062 3

139 1081 385 1123 huiusmodi
414 1082 653 1136 specimina
682 1082 791 1123 nihil
822 1096 998 1124 necesse
1031 1097 1125 1123 esse
1156 1083 1239 1123 sibi
1270 1089 1469 1124 constare

141 1164 221 1192 nec
268 1165 397 1193 verae
445 1166 604 1192 causae
646 1151 844 1193 terminis
891 1152 1218 1205 angustioribus
1268 1153 1466 1195 coerceri.

140 1220 365 1276 ingeniosa
390 1234 496 1262 sane
526 1221 707 1275 protulit
738 1222 924 1275 Drerup,
955 1222 1032 1262 vix
1060 1228 1208 1262 tamen
1240 1223 1468 1263 adsensum

139 1291 460 1344 extol-quentia.
548 1290 793 1331 causidicus
848 1290 963 1331 enim
1021 1304 1198 1331 causam
1258 1291 1469 1344 respicere

140 1359 286 1408 debet,
317 1374 397 1401 nec
423 1359 530 1413 quid
553 1359 847 1414 profecturum
871 1374 962 1400 sese
983 1367 1176 1413 speraret
1197 1359 1468 1413 eloquentiae

142 1427 313 1469 institor
335 1427 372 1469 si
396 1429 541 1470 tribus
561 1428 783 1470 tutoribus
804 1435 1008 1481 quartum
1031 1429 1087 1469 de
1103 1443 1181 1469 suo
1201 1428 1468 1480 adfinxisset,

141 1511 224 1552 ego
243 1498 420 1550 quidem
442 1498 641 1551 dispicio.

198 1565 528 1607 Vocabulorum
553 1567 715 1607 formas
742 1568 799 1608 ad
832 1566 1163 1620 inscriptionum
1186 1574 1468 1620 veterumque

142 1634 525 1686 grammaticorum
554 1649 751 1676 normam
783 1635 1131 1683 adcommodavi,
1159 1635 1221 1677 ita
1246 1643 1392 1677 tamen
1421 1644 1467 1677 ut

143 1716 223 1743 usu
248 1701 489 1744 inveterata
518 1716 604 1744 non
634 1704 729 1744 sine
759 1704 997 1745 iustissima
1026 1718 1157 1746 causa
1191 1704 1468 1757 repudiarim.

142 1771 339 1825 inprimis
358 1772 446 1813 υἱός
466 1772 637 1822 retinui,
658 1773 760 1814 licet
779 1774 847 1815 ὑός
868 1773 940 1814 hic
958 1773 1042 1813 illic
1060 1773 1221 1814 habeat
1239 1773 1467 1814 Parisinus.

142 1840 205 1880 sic
225 1840 359 1880 etiam
384 1838 523 1892 δωρεά,
543 1855 679 1893 quam
699 1841 887 1882 formam
909 1841 967 1882 ab
995 1841 1234 1882 editoribus
1260 1842 1467 1882 extermi-

143 1914 294 1948 natam
331 1907 495 1961 ubique
524 1915 674 1950 tamen
708 1909 924 1950 exhibent
958 1909 1118 1964 papyri
1148 1909 1342 1958 Atticae,
1363 1910 1467 1963 ch.

142 1975 249 2016 Alle.
272 1974 341 2015 66.
369 1988 434 2024 11,
453 1976 620 2030 Hyper.
634 1977 747 2018 Eux.
769 1978 1030 2031 37,Demos.
1052 1978 1135 2030 Ep.
1162 1978 1245 2020 III.
1304 1986 1467 2019 ceteras

143 2044 395 2085 huiusmodi
418 2045 621 2086 minutias
647 2045 815 2099 longius
837 2046 1034 2099 persequi
1057 2047 1333 2099 supersedeo.

1262 2158 1329 2198 W.
1353 2160 1407 2199 R.

186 2245 376 2277 Scribebam
397 2247 563 2287 Glasguae
579 2258 686 2277 mense
701 2247 872 2278 Decembri
887 2257 910 2277 M
926 2257 1028 2277 Dcccc
1042 2257 1088 2277 xx

782 2476 818 2512 ix
