1685 2772
112 119 265 173 xxvm]
520 122 651 164 KAT’
699 124 954 163 ΑΦΟΒΟΥ
1000 125 1031 162 Β

665 271 894 298 MAPT‘rPIAl.

174 350 294 391 Ταῦθ’
319 350 432 393 οὗτος
471 350 560 403 τρία
601 349 777 391 τάλαντα
815 351 876 391 καὶ
913 351 1049 404 χιλίας
1085 351 1170 404 ἔχει
1206 352 1327 405 χωρὶς
1361 356 1439 392 τῶν

109 417 256 458 ἄλλων.
327 420 394 457 τοῦ
429 420 501 468 μὲν
537 418 606 458 οὗν
642 418 810 471 ἀρχαίου
846 417 965 458 πέντε
1001 417 1167 458 τάλανθ’
1196 418 1222 458 ἃ
1258 420 1437 471 εἴληφεν·

109 484 183 524 σὺν
207 486 250 525 δὲ
273 488 354 525 τοῖς
379 484 520 536 ἔργοις,
547 483 595 525 ἂν
621 486 685 525 ἐπὶ
711 487 868 542 δραχμῇ
897 501 957 527 τις
986 488 1075 543 τιθῇ
1103 486 1240 537 μόνον,
1267 485 1391 527 πλέον
1414 482 1438 536 ἦ

67 569 84 599 5
106 550 198 590 δέκα
221 549 382 591 τάλαντ’
409 551 505 604 ἔχει.
575 550 670 604 λέγε
694 553 764 594 τὰς
790 550 948 605 ἐφεξῆς.

652 708 878 735 ΜΑΡΤΤΡΙΑΙ.

167 787 289 828 Ταῦθ’
314 787 422 827 οὗτοι
445 788 650 839 γραφῆναι
674 788 747 837 μὲν
777 788 819 826 ἐν
848 789 934 827 ταῖς
964 784 1165 836 διαθήκαις
1196 785 1258 826 καὶ
1293 789 1440 838 λαβεῖν

103 858 211 907 σφᾶς
252 854 391 896 αὐτοὺς
433 853 515 894 κατ’
548 851 741 903 ἀλλήλων
786 855 1066 905 μαρτυροῦσιν.
1143 852 1255 895 οὗτος
1293 855 1335 894 δὲ
1377 853 1439 893 καὶ

100 923 431 974 μεταπεμφθῆναι
456 920 627 974 φάσκων
651 919 728 960 ὑπὸ
755 923 825 960 τοῦ
852 920 1012 971 πατρός,
1049 920 1111 960 καὶ
1136 921 1265 961 ἐλθὼν
1289 922 1344 961 εἷς
1368 920 1439 970 τὴν

44 1011 82 1032 10
101 990 237 1035 οἰκίαν,
274 990 470 1029 εἰσελθεῖν
506 989 580 1039 μὲν
617 987 661 1027 οὔ
700 993 832 1040 φησιν
870 987 920 1028 ὡς
957 986 1025 1026 τὸν
1061 987 1436 1039 μεταπεμψάμενον,

101 1055 182 1097 οὐδ’
209 1057 458 1108 ὁμολογῆσαι
478 1054 567 1106 περὶ
593 1055 741 1096 τούτων
770 1053 900 1100 οὐδέν,
925 1056 1200 1105 Δημοφῶντος
1220 1053 1252 1094 δ’
1272 1054 1438 1094 ἀκοῦσαι

100 1126 368 1175 γραμματεῖον
394 1121 769 1174 ἀναγιγνώσκοντος
804 1121 866 1161 καὶ
896 1121 1149 1173 Θηριππίδου
1172 1120 1361 1173 λέγοντος
1386 1120 1437 1162 ὣς

100 1190 248 1231 ἐκεῖνος
288 1191 409 1229 ταῦτα
451 1187 614 1234 διέθετο,
661 1188 722 1228 καὶ
774 1188 1126 1240 προεισεληλυθὼς
1175 1188 1236 1228 καὶ
1283 1187 1437 1228 ἅπαντα

101 1255 443 1308 διωμολογημένος
478 1254 575 1307 πρὸς
603 1255 672 1296 τὸν
710 1254 874 1307 πατέρα,
911 1255 1065 1307 ὅσαπερ
1101 1256 1248 1296 ἐκεῖνος
1276 1254 1437 1308 γράψας

43 1343 79 1374 15
102 1322 326 1363 κατέλιπεν.
395 1323 416 1361 ὁ
451 1323 526 1374 γὰρ
557 1321 697 1373 πατήρ,
739 1320 770 1363 ὦ
801 1321 939 1373 ἄνδρες
976 1323 1173 1368 δικασταί,
1204 1322 1255 1363 ὡς
1289 1321 1436 1378 ᾔσθετο

99 1388 170 1440 τὴν
207 1389 329 1430 νόσον
357 1389 426 1429 οὐκ
464 1388 801 1441 ἀποφευξόμενος,
850 1388 1108 1441 συγκαλέσας
1140 1390 1297 1430 τούτους
1332 1392 1436 1441 τρεῖς

100 1458 229 1502 ὄντας,
269 1456 330 1496 καὶ
365 1454 818 1508 συμπαρακαθισάμενος
865 1454 1042 1507 Δήμωνα
1069 1455 1138 1496 τὸν
1170 1456 1360 1508 ἀδελφόν,
1387 1456 1435 1496 τὰ

101 1522 253 1574 σώμαθ’
298 1523 409 1574 ἡμῶν
458 1524 512 1564 εἷς
560 1524 630 1564 τὰς
682 1526 818 1575 χεῖρας
876 1522 1061 1574 ἐνέθηκεν
1107 1521 1435 1575 παρακαταθήκην

101 1589 366 1641 ἐπονομάζων,
392 1589 463 1639 τὴν
487 1591 560 1640 μὲν
595 1588 777 1642 ἀδελφὴν
809 1592 1056 1642 Δημοφῶντι
1081 1591 1143 1630 καὶ
1168 1590 1234 1630 δύο
1258 1589 1435 1631 τάλαντα

42 1675 81 1696 20
100 1661 242 1709 προῖκα
272 1656 399 1698 διδοὺς
433 1656 557 1702 εὐθύς,
586 1656 649 1697 καὶ
679 1656 832 1709 γυναῖκ’
863 1656 967 1712 αὐτῷ
999 1657 1143 1706 ταύτην
1176 1658 1340 1709 ἐγγυῶν,
1366 1658 1433 1708 ἐμὲ

100 1726 142 1764 δὲ
166 1726 289 1764 πᾶσιν
315 1729 425 1781 κοινῇ
448 1725 546 1775 μετὰ
570 1728 648 1764 τῶν
673 1723 888 1779 χρημάτων
922 1723 1343 1776 παρακατατιθέμενος,
1371 1723 1434 1764 καὶ

100 1789 354 1841 ἐπισκήπτων
389 1793 596 1842 μισθῶσαί
628 1809 671 1833 τε
706 1791 776 1832 τὸν
810 1791 919 1832 οἶκον
961 1791 1025 1831 καὶ
1061 1792 1336 1845 συνδιασῷσαί
1367 1807 1434 1841 μοι

99 1857 170 1908 τὴν
195 1857 348 1904 οὐσίαν,
371 1857 499 1900 διδοὺς
528 1860 607 1911 ἅμα
626 1877 669 1901 τε
687 1861 918 1917 Θηριππίδῃ
938 1859 1010 1901 τὰς
1026 1857 1296 1910 ἑβδομήκοντα
1320 1860 1430 1908 μνᾶς,

100 1924 162 1965 καὶ
186 1924 310 1979 τούτῳ
335 1923 408 1975 τήν
437 1925 470 1965 τ’
501 1927 598 1978 ἐμὴν
630 1927 763 1980 μητέρ’
804 1929 958 1981 ε’γγυῶν
988 1926 1053 1967 ἐπὶ
1081 1930 1166 1967 ταῖς
1195 1923 1434 1977 ὀγδοήκοντα

42 2011 79 2042 25
98 1995 227 2041 μναῖς,
256 1991 343 2043 κᾶμ’
370 1994 425 2034 εἷς
449 1995 497 2033 τὰ
524 1995 662 2036 τούτου
687 1995 839 2048 γόνατα
862 1997 994 2038 τιθείς·
1033 1995 1087 2034 ὧν
1106 1993 1218 2034 οὗτος
1238 1993 1258 2031 ὁ
1277 1990 1432 2032 πάντων

142 2112 162 2141 3
187 2105 244 2135 τοῦ
261 2103 321 2144 μὲν
340 2103 395 2136 οὖν
413 2103 550 2135 Dobree
566 2116 573 2135 z
597 2106 655 2136 τοῦ
671 2103 732 2144 μὲν
749 2105 846 2136 codd.
865 2116 872 2135 :
897 2105 947 2136 καὶ
966 2106 1023 2136 τοῦ
1040 2103 1100 2144 μὲν
1116 2103 1215 2134 BlaSS
1317 2099 1430 2141 πέντε]

99 2146 172 2187 τρία
189 2146 213 2177 S
305 2148 325 2180 ἃ
341 2147 423 2179 secl.
444 2147 573 2178 Reiske
743 2159 762 2186 4
787 2151 934 2190 δραχμην
953 2147 977 2178 S
1146 2157 1163 2186 7
1188 2144 1263 2186 μὲν]
1280 2158 1318 2177 τε
1335 2143 1431 2174 Blass

99 2189 172 2221 coll.
192 2192 208 2227 5
225 2201 245 2230 3
353 2200 387 2220 11
416 2190 507 2223 οὐδέν
523 2191 547 2221 S
565 2201 572 2221 ε
597 2190 723 2224 οὐδενός
739 2195 818 2222 cett.
937 2201 975 2229 13
1000 2189 1300 2232 προσ-εισεληλυθὼς
1317 2186 1341 2218 S
1355 2187 1430 2225 (sed

100 2245 122 2264 σ
137 2241 265 2273 puncto
284 2234 449 2273 notatum)
467 2233 499 2264 A
635 2244 673 2272 14
698 2233 776 2268 ἅπερ
791 2234 823 2264 Α
955 2234 994 2264 16
1018 2232 1268 2274 ἇναφευξόμενος
1285 2230 1310 2261 S
1326 2242 1333 2261 :
1357 2231 1429 2262 ἀπο·

101 2277 310 2319 φευξούμενος
327 2277 358 2306 Α
477 2286 520 2306 22
544 2279 699 2316 διασῷσαι
716 2276 748 2306 Α
764 2277 994 2316 superscripto
1013 2290 1072 2308 συν
1089 2277 1130 2306 ab
1146 2275 1219 2306 ead.
1239 2285 1281 2305 m.
1390 2282 1432 2311 23

101 2334 138 2352 τε
162 2326 239 2351 ante
264 2320 441 2362 Θηριππίδῃ
461 2320 496 2357 S,
513 2320 554 2350 cf.
578 2319 646 2349 xvii
669 2320 722 2358 28,
745 2319 828 2349 xxiii
855 2320 925 2356 126,
946 2318 1030 2350 Isae.
1048 2319 1080 2348 vi
1103 2320 1164 2357 38:
1193 2323 1270 2357 post
1294 2323 1329 2349 Θ.
1352 2320 1430 2347 cett.

103 2361 341 2403 ἑβδομήκοντα]
361 2362 560 2403 ὀγδοήκοντα
577 2362 601 2392 5
616 2362 641 2392 F
757 2371 798 2400 25
823 2362 921 2394 τιθείς
939 2362 963 2392 S
978 2374 983 2393 :
1010 2362 1142 2394 ἐντιθείς
1158 2361 1246 2400 vulg.
1355 2363 1431 2399 post

101 2406 144 2439 ὧν
159 2408 234 2438 add.
255 2405 345 2438 οὐδὲν
362 2416 444 2436 sscr.
469 2406 492 2435 S
510 2416 553 2436 m.
572 2409 639 2435 ant.
731 2407 747 2436 ὁ
764 2415 828 2435 οῐη.
850 2404 888 2435 S¹

1474 122 1595 179 [839]

1474 801 1516 835 14

1470 984 1592 1040 [840]

1470 1339 1509 1377 15

1466 1863 1508 1897 16
