1685 2772
110 121 210 176 xxx]
487 126 650 164 ΠΡΟΣ
698 126 1003 166 ΟΝΗΤΟΡΑ
1053 128 1086 165 A

106 236 226 279 ναίων
263 237 326 277 καὶ
362 239 499 278 τοῦτον
536 236 604 276 οὐκ
647 234 869 277 ἐλάνθανον
907 241 1032 278 κακῶς
1076 238 1442 290 ἐπιτροπευόμενος,

105 303 197 345 ἀλλ’
217 303 265 354 ἧν
285 303 515 357 καταφανὴς
535 303 646 346 εὐθὺς
667 304 934 355 ἀδικούμενος·
969 307 1160 344 τοσαῦται
1180 308 1444 357 πραγματεῖαι

105 371 169 411 καὶ
200 371 318 423 λόγοι
346 372 407 411 καὶ
438 373 543 423 παρὰ
574 374 627 425 τῷ
660 370 826 425 ἄρχοντι
858 372 920 412 καὶ
954 373 1059 423 παρὰ
1088 375 1170 413 τοῖς
1195 371 1335 414 ἄλλοις
1359 372 1439 424 ἐγί-

105 437 237 491 γνονθ’
279 439 376 490 ὑπὲρ
417 442 494 478 τῶν
537 439 653 489 ἐμῶν.
725 439 772 478 τό
811 455 854 479 τε
895 440 970 490 γὰρ
1012 441 1164 488 πλῆθος
1205 443 1284 480 τῶν
1325 456 1440 479 κατα-

66 517 83 549 5
105 504 351 558 λειφθέντων
375 504 422 556 ἧν
448 505 635 558 φανερόν,
663 506 724 546 ὅτι
748 505 782 545 τ’
802 505 1032 556 ἀμίσθωτον
1057 505 1125 546 τὸν
1149 505 1258 547 οἶκον
1284 507 1442 547 ἐποίουν

105 574 141 613 οἱ
167 572 482 626 διαχειρίζοντες,
510 571 559 612 ἵν’
583 571 693 612 αὐτοὶ
716 574 765 613 τὰ
789 571 973 626 χρήματα
1000 576 1225 625 καρποῖντο,
1253 573 1322 614 οὐκ
1347 573 1438 624 ἄδη-

104 645 177 680 λον
202 639 261 690 ἦν.
322 638 417 680 ὥστ’
439 641 481 680 ἐκ
500 643 578 680 τῶν
596 638 843 692 γιγνομένων
868 639 935 680 οὐκ
962 639 1050 680 ἔσθ’
1075 641 1186 682 ὅστις
1211 640 1284 694 οὐχ
1307 641 1442 693 ἡγεῖτο

104 710 182 747 τῶν
208 707 368 747 εἰδότων
393 707 504 757 δίκην
526 724 575 757 με
599 705 808 759 λήψεσθαι
832 706 922 759 παρ’
949 707 1088 753 αὐτῶν,
1118 707 1251 757 ἐπειδὴ
1283 707 1441 761 τάχιστ’

106 774 203 826 ἀνὴρ
222 774 321 815 εἶναι
339 773 630 825 δοκιμασθείην.
705 776 747 815 ἐν
766 775 823 817 οἷς
845 774 907 814 καὶ
923 773 1170 826 Τιμοκράτης
1186 775 1248 814 καὶ
1263 773 1442 827 Ὀνήτωρ

49 860 87 882 10
105 841 249 891 ταύτην
288 841 448 895 ἔχοντες
489 840 721 882 διετέλεσαν
761 841 834 891 τὴν
873 841 1063 882 διάνοιαν.
1150 840 1359 894 τεκμήριον
1401 844 1442 882 δὲ

106 907 266 949 πάντων
289 907 495 960 μέγιστον·
532 908 644 949 οὗτος
673 910 749 960 γὰρ
780 907 980 959 ἐβουλήθη
1009 910 1083 960 μὲν
1107 907 1276 963 Ἀφόβῳ
1310 911 1444 950 δοῦναι

106 975 177 1025 τὴν
211 973 404 1028 ἀδελφήν,
436 976 536 1027 ὁρῶν
568 977 637 1025 τῆς
671 974 706 1015 θ’
741 976 858 1015 αὑτοῦ
889 973 1067 1030 πατρῴας
1102 974 1240 1017 οὐσίας
1277 977 1339 1017 καὶ
1375 978 1444 1026 τῆς

108 1043 202 1093 ἐμῆς
228 1041 295 1082 οὐκ
320 1043 458 1094 ὀλίγης
484 1040 602 1082 αὐτὸν
627 1041 760 1094 κύριον
785 1041 1064 1094 γεγενημένον,
1086 1042 1281 1094 προέσθαι
1304 1045 1346 1084 δὲ
1372 1042 1444 1093 τὴν

108 1108 234 1162 προῖκ’
272 1108 339 1148 οὐκ
377 1108 625 1155 ἐπίστευσεν,
665 1109 800 1161 ὥσπερ
836 1110 870 1149 εἰ
906 1111 954 1148 τὰ
991 1113 1070 1150 τῶν
1107 1110 1444 1163 ἐπιτροπευόντων

49 1194 86 1225 15
108 1174 276 1230 χρήματ’
301 1175 528 1226 ἀποτίμημα
560 1179 643 1218 τοῖς
668 1174 1037 1228 ἐπιτροπευομένοις
1068 1176 1309 1217 καθεστάναι
1332 1176 1442 1227 νομί·

110 1244 197 1293 ζων.
268 1243 373 1283 ἀλλὰ
401 1242 473 1293 τὴν
502 1245 574 1293 μὲν
607 1242 789 1295 ἀδελφὴν
814 1242 970 1290 ἔδωκεν,
1004 1242 1077 1293 τὴν
1109 1245 1151 1284 δὲ
1184 1243 1311 1296 προῖκ’
1341 1243 1443 1298 αὐτῷ

107 1308 355 1361 Τιμοκράτης
388 1309 452 1350 ἐπὶ
490 1308 599 1350 πέντ’
634 1311 800 1360 ὀβολοῖς
836 1308 1074 1363 ὀφειλήσειν
1112 1309 1387 1363 ὡμολόγησεν,
1418 1309 1447 1365 ᾦ

108 1377 299 1430 πρότερον
331 1376 353 1427 ἡ
387 1376 484 1429 γυνὴ
520 1376 746 1417 συνοικοῦσ’
777 1377 1006 1431 ἐτύγχανεν.
1078 1377 1277 1430 ὀφλόντος
1308 1377 1350 1418 δέ
1378 1394 1443 1428 μοι

108 1443 180 1494 τὴν
206 1444 316 1494 δίκην
340 1443 527 1496 Ἀφόβου
559 1446 628 1494 τῆς
662 1445 874 1497 ἐπιτροπῆς
908 1444 969 1484 καὶ
1002 1443 1114 1485 οὐδὲν
1144 1445 1294 1485 δίκαιον
1319 1448 1445 1485 ποιεῖν

50 1529 89 1552 20
110 1510 330 1557 ἐθέλοντος,
357 1510 531 1551 διαλύειν
556 1513 629 1562 μὲν
653 1511 755 1562 ἡμᾶς
774 1511 952 1563 Ὀνήτωρ
977 1511 1057 1551 οὐδ’
1077 1512 1349 1565 ἐπεχείρησεν,
1378 1511 1446 1551 οὐκ

110 1579 365 1620 ἀποδεδωκὼς
398 1580 441 1619 δὲ
473 1578 546 1629 τὴν
573 1582 726 1631 προῖκα,
755 1577 847 1618 ἀλλ’
873 1577 988 1620 αὐτὸς
1023 1578 1151 1631 κύριος
1183 1579 1249 1625 ὤν,
1277 1579 1328 1620 ὡς
1353 1579 1447 1619 ἀπο-

109 1647 339 1688 λελοιπυίας
358 1647 427 1696 τῆς
448 1646 626 1698 ἀδελφῆς
647 1646 710 1686 καὶ
729 1645 820 1687 δοὺς
841 1645 1084 1696 κομίσασθαι
1103 1645 1136 1686 δ’
1156 1645 1200 1685 οὐ
1220 1645 1445 1697 δυνάμενος,

110 1712 436 1764 ἀποτιμήσασθαι
465 1713 634 1766 φάσκων
665 1713 736 1764 τὴν
767 1715 842 1765 γῆν
873 1711 1030 1764 ἐξάγειν
1053 1712 1093 1764 μ’
1118 1712 1164 1764 ἐξ
1191 1712 1307 1763 αὐτῆς
1335 1713 1444 1753 ἐτόλ-

110 1797 251 1832 μησεν·
288 1784 480 1822 τοσοῦτον
506 1780 568 1821 καὶ
595 1782 688 1831 ἐμοῦ
709 1781 771 1820 καὶ
790 1781 898 1831 ὑμῶν
918 1780 980 1820 καὶ
1005 1783 1083 1820 τῶν
1109 1779 1298 1831 κειμένων
1317 1780 1449 1831 νόμων

53 1865 91 1897 ²5
113 1849 424 1900 κατεφρόνησεν.
497 1848 559 1888 καὶ
588 1849 636 1887 τὰ
664 1849 736 1898 μὲν
760 1848 968 1900 γενόμενα,
997 1846 1060 1887 καὶ
1093 1846 1140 1888 δι’
1165 1847 1190 1888 ἃ
1213 1847 1355 1899 φεύγει
1379 1846 1449 1897 τὴν

113 1916 224 1965 δίκην
250 1915 313 1956 καὶ
332 1915 421 1967 περὶ
450 1915 504 1955 ὧν
529 1915 661 1955 οἴσετε
692 1914 764 1964 τὴν
788 1917 944 1967 ψῆφον,
972 1912 1077 1954 ταῦτ’
1103 1914 1229 1961 ἐστίν,
1257 1912 1286 1955 ὦ
1311 1913 1449 1966 ἄνδρες

114 1982 309 2022 δικασταί·
345 1980 565 2034 παρέξομαι
598 1983 639 2021 δὲ
669 1980 864 2033 μάρτυρας
898 1984 1053 2034 πρῶτον
1083 1983 1156 2032 μὲν
1185 1980 1302 2022 αὐτὸν
1324 1984 1446 2032 Τιμο-

116 2047 272 2101 κράτην,
295 2048 346 2090 ὡς
371 2048 632 2101 ὡμολόγησεν
653 2047 888 2100 ὀφειλήσειν
907 2048 978 2099 τὴν
997 2052 1140 2101 προῖκα
1161 2048 1222 2088 καὶ
1247 2047 1316 2089 τὸν
1331 2048 1450 2089 τόκον

159 2168 179 2197 3
203 2160 253 2191 καὶ
271 2159 354 2199 παρὰ
369 2158 432 2199 τῷ]
451 2157 533 2199 παρά
549 2172 586 2190 τε
599 2160 647 2199 τῷ
662 2157 694 2188 Α
776 2167 795 2196 5
820 2158 877 2190 τὸν
893 2168 959 2190 om.
977 2157 1016 2189 Sl
1101 2160 1122 2189 6
1146 2158 1403 2200 διαχειρίσαντες
1420 2156 1451 2187 Α

117 2204 137 2233 8
162 2203 270 2240 ἐπειδὴ
292 2202 427 2232 Dobree
443 2212 450 2232 ε
476 2203 604 2234 ἐπειδᾶν
621 2201 719 2232 codd.
857 2211 894 2231 12
920 2200 947 2233 θ’
965 2203 1061 2233 αὑτοῦ
1080 2202 1157 2233 edd.
1175 2202 1286 2239 Turr.,
1307 2201 1450 2241 Dyroff:

117 2258 154 2277 τε
170 2247 268 2278 αὐτοῦ
285 2246 382 2277 codd.
404 2245 490 2285 (sine
507 2245 627 2285 spiritu
643 2244 684 2284 S)
764 2254 802 2284 14
828 2245 998 2277 ἐπίστευεν
1015 2244 1046 2274 Α
1062 2257 1068 2275 :
1094 2246 1291 2278 ἐπίστευσαν
1309 2244 1335 2276 F
1408 2254 1452 2275 20

118 2288 183 2320 οὐδ’
201 2288 226 2319 S
241 2300 248 2319 ι
273 2291 329 2322 οὐκ
345 2288 434 2328 vulg.
554 2298 596 2325 24
621 2289 672 2320 καὶ
690 2290 775 2328 ὑμῶν
792 2289 842 2320 καὶ
862 2290 937 2328 ἐμοῦ
955 2287 1007 2327 Sl,
1024 2297 1110 2319 corr.
1129 2290 1203 2320 ead.
1223 2300 1265 2320 m.
1387 2301 1451 2321 κει-

117 2331 221 2371 μένων
238 2342 302 2363 om.
320 2331 351 2362 A
539 2341 580 2370 25
606 2332 656 2363 καὶ
675 2334 713 2363 δι’
732 2331 774 2362 S:
802 2331 839 2364 δι’
858 2331 890 2362 Α
904 2331 972 2361 FD
1160 2342 1200 2372 27
1224 2332 1386 2374 μάρτυρας
1405 2332 1452 2363 S:

116 2375 258 2416 μάρτυρα
274 2375 306 2406 Α
320 2375 344 2406 F
355 2375 385 2405 D
474 2375 677 2417 Τιμοκράτην
694 2375 718 2406 S
732 2386 738 2406 z
764 2376 822 2407 τὸν
837 2374 1040 2417 Τιμοκράτην
1058 2374 1090 2406 Α
1104 2374 1130 2405 F
1142 2374 1173 2406 D

1327 2457 1367 2488 4*

1480 119 1596 174 [865]

1481 1044 1604 1100 [866]
