1685 2772
88 510 106 542 5

69 847 107 868 10

67 1523 107 1544 20

69 1856 105 1888 ²5

129 114 247 170 xxm]
554 119 714 157 ΠΡΟΣ
764 118 1018 157 ΑΦΟΒΟΝ

127 231 186 272 ἔτι
210 231 342 271 τοίνυν
366 230 389 281 ἡ
414 229 542 282 μήτηρ
565 230 703 270 πίστιν
726 230 926 281 ἠθέλησεν
947 232 1138 271 ἐπιθεῖναι
1162 228 1244 270 κατ’
1271 231 1364 280 ἐμοῦ
1389 229 1452 269 καὶ

126 300 196 348 τῆς
211 299 390 350 ἀδελφῆς
413 297 764 350 παραστησαμένη,
790 301 935 349 λαβεῖν
961 296 1032 348 τὴν
1061 300 1201 349 προῖκα
1219 299 1358 336 τοῦτον
1381 295 1453 346 τὴν

127 367 267 415 ἑαυτῆς
292 366 389 405 κατὰ
424 364 496 414 τὴν
521 368 590 404 τοῦ
615 364 761 416 πατρὸς
786 363 987 415 διαθήκην.
1051 364 1191 406 ταύτας
1216 365 1285 404 τὰς
1310 361 1449 414 ὀγδοή-

127 448 248 472 κοντα
277 434 376 482 μνᾶς
403 431 535 482 πότερ’
564 431 681 471 αὐτὸν
714 431 822 484 ἔχειν
856 435 993 484 φῶμεν
1022 427 1046 481 ἢ
1081 430 1153 482 μή,·
1194 430 1254 470 καὶ
1285 430 1452 481 πότερον

126 500 188 538 διὰ
213 497 348 538 τούσδ’
374 499 517 550 ὀφλεῖν
536 498 626 540 τοὺς
645 497 842 551 μάρτυρας
857 495 880 548 ἦ
908 501 970 538 διὰ
995 498 1157 544 τούσδε;
1190 497 1266 549 ἐγὼ
1285 498 1357 547 μὲν
1375 497 1452 548 γὰρ

126 565 235 616 οἶμαι
252 566 316 605 διὰ
339 565 410 615 τὴν
444 564 646 614 ἀλήθειαν.
707 565 850 607 ταύτας
887 566 1018 606 τοίνυν
1046 564 1123 604 δέκ’
1150 564 1214 613 ἔτη
1250 580 1449 615 κεκαρπω-

124 631 256 683 μένος,
285 632 347 672 καὶ
372 632 462 672 οὐδὲ
497 633 608 681 δίκην
640 632 780 683 ὀφλὼν
805 633 1022 672 ἀποδοῦναι
1054 631 1317 681 τετολμηκώς,
1345 631 1452 670 δεινὰ

126 698 365 739 πεπονθέναι
389 698 515 751 φησὶν
542 699 604 738 καὶ
631 700 694 738 διὰ
713 699 857 739 τούσδε
872 699 963 740 τοὺς
987 697 1184 750 μάρτυρας
1209 696 1449 748 ὠφληκέναι.

127 766 253 805 καίτοι
277 765 427 805 τούτων
450 764 487 817 γ’
514 765 639 806 οὐδεὶς
664 764 782 805 αὐτὸν
808 765 916 817 ἔχειν
941 765 1086 814 ταύτην
1111 764 1395 816 ἐμαρτύρησεν.

192 832 293 882 Περὶ
327 833 461 871 τοίνυν
488 834 558 882 τῆς
593 831 788 874 ἐκδόσεως
819 833 881 871 καὶ
911 835 989 871 τῶν
1027 834 1260 870 κλινοποιῶν
1291 831 1353 870 καὶ
1384 834 1454 870 τοῦ

126 897 289 950 σιδήρου
326 899 389 938 καὶ
427 901 496 937 τοῦ
536 898 872 951 καταλειφθέντος
910 898 1003 948 ἡμῖν
1037 896 1257 950 ἐλέφαντος
1287 896 1349 936 καὶ
1383 899 1453 947 τῆς

125 964 287 1017 προικὸς
317 967 386 1015 τῆς
420 966 610 1017 ἀδελφῆς,
645 964 694 1015 ἢν
730 965 842 1006 οὗτος
882 968 1119 1016 καθυφεῖκεν
1154 965 1251 1016 ὑπὲρ
1287 967 1355 1003 τοῦ
1391 963 1453 1003 καὶ

126 1031 241 1074 αὐτὸς
261 1031 368 1085 ἔχειν
394 1033 471 1071 ὅσα
495 1032 687 1082 βούλοιτο
713 1037 790 1073 τῶν
812 1034 929 1083 ἐμῶν,
951 1031 1159 1077 ἀκούσατε,
1189 1031 1250 1070 καὶ
1276 1030 1453 1070 σκοπεῖθ’

127 1099 179 1141 ὡς
207 1100 364 1140 δικαίως
393 1099 427 1138 τ’
454 1099 642 1151 ὤφληκεν
680 1099 743 1140 καὶ
769 1099 883 1139 οὐδὲν
914 1098 961 1148 ἦν
996 1098 1156 1138 Μιλύαν
1187 1098 1274 1149 περὶ
1306 1097 1453 1137 τούτων

125 1165 411 1216 βασανιστέον.
495 1166 584 1217 περὶ
611 1168 684 1217 μὲν
713 1166 788 1218 γὰρ
817 1167 871 1206 ὧν
896 1168 1147 1217 καθυφεῖκας,
1175 1166 1294 1215 νόμος
1330 1164 1452 1210 ἔστιν,

126 1232 336 1285 διαρρήδην
377 1232 420 1274 ὃς
460 1234 612 1273 κελεύει
659 1232 698 1272 σ’
741 1234 884 1283 ὁμοίως
926 1231 1191 1284 ὀφλισκάνειν
1228 1232 1364 1283 ὥσπερ
1407 1231 1455 1272 ἂν

126 1299 240 1340 αὐτὸς
264 1300 374 1355 ἔχῃς·
411 1300 517 1340 ὥστε
540 1300 581 1340 τί
609 1303 664 1355 τῷ
693 1301 798 1354 νόμῳ
837 1301 899 1340 καὶ
931 1305 977 1355 τῇ
1006 1298 1194 1354 βασάνῳ;
1233 1298 1321 1350 περὶ
1344 1297 1379 1338 δ’
1408 1298 1456 1338 αὗ

126 1369 195 1416 τῆς
219 1367 429 1413 ἐκδόσεως,
458 1365 841 1417 ἐπικοινωνήσαντες
866 1370 918 1420 τῷ
946 1366 1086 1420 Ξούθῳ
1114 1366 1174 1405 καὶ
1205 1364 1452 1416 διανειμάμε-

126 1450 186 1473 νοι
210 1435 258 1473 τὰ
283 1433 466 1487 χρήματα
492 1435 553 1474 καὶ
578 1435 649 1476 τὰς
672 1435 910 1486 συγγραφὰς
934 1433 1156 1478 ἀνελόντες,
1186 1433 1248 1472 καὶ
1273 1431 1388 1472 πάνθ’
1408 1431 1455 1472 ὃν

125 1501 273 1552 τρόπον
302 1501 527 1551 ἐβούλεσθε
556 1500 938 1545 κατασκευάσαντες,
977 1499 1040 1539 καὶ
1078 1500 1374 1551 διαφθείραντες
1406 1500 1454 1538 τὰ

127 1566 351 1619 γράμματα,
380 1567 430 1609 ὡς
455 1568 566 1617 ὑμῶν
592 1568 612 1606 ὁ
640 1566 789 1618 Δήμων
817 1566 1108 1618 κατεμαρτύρει,
1136 1567 1366 1617 φενακίζετε
1391 1565 1455 1605 καὶ

126 1634 310 1674 τουτουσὶ
334 1634 692 1685 παρακρούσασθαι
717 1635 878 1684 ζητεῖτε.
951 1633 1038 1684 περὶ
1063 1633 1194 1673 τοίνυν
1218 1636 1296 1672 τῶν
1323 1638 1451 1672 κλινο-

127 1705 260 1746 ποιῶν,
289 1702 322 1740 εἶ
356 1701 406 1741 σὺ
438 1702 581 1751 λαβὼν
611 1701 798 1754 ἀργύριον
831 1702 893 1741 καὶ
925 1698 1045 1740 πόλλ’
1069 1700 1148 1753 ἰδίᾳ
1173 1699 1361 1752 κερδάνας
1390 1698 1454 1739 ἐπὶ

127 1771 208 1808 τοῖς
233 1769 341 1818 ἐμοῖς
365 1768 562 1817 δανείζων,
591 1766 636 1808 ὃν
661 1768 726 1809 καὶ
760 1768 851 1809 τοὺς
884 1767 1030 1808 ἄλλους
1061 1769 1238 1819 προσῆκε
1275 1766 1452 1812 κωλύειν,

127 1833 196 1874 εἶτ’
222 1835 389 1886 ἀφανεῖς
414 1835 644 1885 πεποίηκας,
669 1836 711 1875 τί
738 1852 804 1875 σοι
837 1833 1062 1884 ποιήσωσιν
1095 1836 1131 1874 οἱ
1161 1833 1371 1885 μάρτυρες;
1410 1833 1455 1873 οὐ

126 1902 201 1953 γὰρ
225 1901 337 1940 οὗτοί
357 1918 404 1953 γε
427 1901 787 1954 μεμαρτυρήκασιν,
813 1901 866 1944 ὣς
883 1901 1101 1953 ὡμολόγεις
1138 1902 1201 1941 ἐπὶ
1237 1905 1318 1941 τοῖς
1348 1901 1454 1951 ἐμοῖς

173 2020 186 2039 1
212 2010 354 2048 ἠθέλησε
371 2011 484 2042 πίστιν
498 2009 530 2041 Α
542 2011 567 2040 F
582 2011 612 2041 D
790 2022 809 2041 2
833 2014 951 2047 λαβεῖν
966 2014 1079 2051 προῖκα
1094 2011 1156 2047 τὴν
1172 2011 1287 2047 ἑαυτῆς
1306 2007 1345 2039 51
1361 2020 1368 2047 ;
1392 2010 1454 2046 τὴν

127 2059 206 2084 ante
223 2056 335 2095 προῖκα
352 2054 430 2085 add.
447 2055 519 2086 ead.
541 2066 595 2090 m..
612 2055 735 2085 deinde
752 2054 860 2085 altero
874 2055 935 2092 τὴν
955 2064 1051 2084 eraso
1067 2056 1184 2085 τοῦτον
1202 2054 1263 2090 τὴν
1336 2055 1454 2083 τοῦτον

128 2102 206 2127 ante
223 2100 339 2134 λαβεῖν
359 2096 384 2127 F
399 2097 428 2126 D
558 2108 577 2136 5
602 2098 732 2139 ὀφλεῖν]
751 2105 858 2138 φιλειν
876 2097 913 2128 Sl
1046 2108 1067 2136 9
1091 2097 1213 2128 τούτων
1230 2097 1329 2127 οὐδεὶς
1345 2095 1373 2125 Α
1389 2107 1395 2126 :
1420 2097 1453 2136 'y'

128 2141 231 2173 οὐδεὶς
243 2140 368 2173 τούτων
385 2140 411 2171 F
424 2141 454 2171 D
522 2152 622 2172 10-11
642 2143 694 2173 καὶ
711 2145 768 2173 τοῦ
781 2142 910 2182 σιδήρου
926 2145 1004 2180 post
1022 2140 1199 2180 ἐλέφαντος
1213 2144 1340 2178 transp.
1355 2138 1453 2168 Blass

129 2183 200 2213 coll.
219 2184 312 2214 xxvii
328 2194 381 2223 30,
401 2185 502 2214 xxviii
524 2194 562 2222 13
665 2195 703 2214 12
728 2189 916 2226 καθυφεικεν
932 2195 977 2214 ex
993 2188 1184 2222 καθηφεικεν
1201 2183 1226 2212 S
1241 2194 1246 2213 :
1273 2184 1454 2221 καθυφῆκεν

127 2227 215 2266 vulg.
407 2238 444 2266 17
471 2228 558 2268 ἔχεις
577 2225 602 2257 S
757 2228 794 2260 αὖ
809 2228 885 2268 τῆς]
902 2227 1023 2264 ταύτης
1040 2229 1098 2264 τῆς
1115 2226 1139 2256 S
1316 2226 1354 2255 18
1378 2229 1454 2264 post

128 2271 178 2301 καὶ
196 2269 230 2299 iv
247 2270 307 2302 litt.
326 2281 444 2301 erasae
461 2271 495 2301 in
513 2271 537 2301 S
627 2280 670 2301 20
694 2271 868 2308 ἐβούλοντο
887 2270 950 2301 SA
1033 2280 1074 2308 23
1099 2268 1260 2310 ἀργύριον]
1280 2270 1320 2301 ὡς
1337 2269 1455 2299 σαυτὸν

130 2313 227 2344 Blass
245 2314 320 2345 coll.
338 2315 430 2344 xxvii
449 2325 500 2353 27,
521 2319 612 2344 recte
630 2315 705 2345 fort.
917 2315 979 2355 ἰδίᾳ
997 2312 1044 2353 κ.]
1062 2316 1139 2344 διεκ.
1159 2313 1183 2343 S
1413 2320 1454 2350 25

128 2357 318 2395 ποιήσουσιν
334 2357 364 2387 Α
378 2358 403 2388 F
420 2368 504 2389 corr.
639 2359 681 2388 26
705 2357 882 2398 ὡμολόγεις
900 2357 923 2388 S
942 2367 1030 2387 corr.
1047 2368 1053 2387 :
1079 2358 1247 2396 ὁμολογεῖς
1266 2354 1302 2386 S¹
1320 2355 1407 2394 vulg.

1485 117 1599 172 [854]

1483 375 1528 409 34

1487 837 1528 873 35

1487 1024 1597 1079 [855]

1485 1646 1527 1681 37
