1685 2772
105 87 216 143 [931]

99 601 220 692 [93Ξί

178 1218 222 1251 28

182 1762 226 1796 29

655 91 1178 145 [ΔΗΜΟΣΘΕΝΟὙΣ]
1449 91 1580 146 [xxxv

250 208 325 248 ὑπὸ
349 207 498 247 τούτων
513 210 757 256 Φασηλιτῶν
782 207 920 251 ὄντων,
939 205 1074 257 ὥσπερ
1101 204 1321 256 δεδομένων
1347 209 1481 246 συλῶν
1498 208 1580 246 Φα-

252 276 434 325 σηλίταις
461 273 542 314 κατ’
562 273 797 323 Ἀθηναίων.
849 274 1010 313 ἐπειδὰν
1028 274 1104 325 γὰρ
1122 272 1175 323 μὴ
1201 272 1397 313 ἐθέλωσιν
1417 273 1581 313 ἀποδοῦ-

251 359 315 382 ναι
335 342 358 381 ὃ.
377 341 540 391 ἔλαβον,
563 340 602 380 τί
614 339 663 380 ἄν
681 356 738 380 τις
760 339 861 380 ἄλλο
882 341 1007 390 ὄνομα
1024 339 1112 392 ἔχοι
1132 339 1274 379 θέσθαι
1292 343 1374 381 τοῖς
1393 339 1584 382 τοιούτοις

252 406 276 459 ἢ
305 409 365 448 ὅτι
394 409 652 460 ἀφαιροῦνται
679 407 753 460 βίᾳ
782 408 829 446 τὰ
858 406 1071 459 ἁλλότρια;
1112 407 1189 458 ἐγὼ
1216 408 1290 457 μὲν
1319 406 1407 447 οὐδὲ
1436 405 1585 456 ἀκήκοα

253 476 410 516 πώποτε
439 477 598 526 πρᾶγμα
626 474 868 525 μιαρώτερον
896 470 919 523 ἢ
950 472 972 514 ὃ
1001 473 1109 513 οὗτοι
1138 472 1476 533 διαπεπραγμένοι
1504 474 1584 514 εἰσὶ

253 543 340 594 περὶ
376 541 488 592 ἡμᾶς,
527 541 588 580 καὶ
625 544 745 581 ταῦτα
778 541 1065 592 ὁμολογοῦντες
1094 544 1243 591 λαβεῖν
1271 540 1362 592 παρ’
1398 540 1507 591 ἡμῶν
1535 542 1584 580 τὰ

252 607 444 661 χρήματα.
516 609 593 647 ὅσα
623 609 695 657 μὲν
725 609 800 659 γὰρ
833 605 1176 659 ἀμφισβητήσιμά
1205 608 1292 648 ἐστι
1319 611 1398 647 τῶν
1427 611 1580 658 συμβο-

251 676 390 724 λαίων,
435 675 600 726 κρίσεως
641 676 776 720 δεῖται,
822 672 851 715 ὦ
893 673 1030 725 ἄνδρες
1073 675 1268 714 δικασταί·
1319 676 1368 714 τὰ
1409 676 1451 715 δὲ
1493 673 1583 727 παρ’

254 740 488 794 ἀμφοτέρων
520 740 817 793 ὁμολογηθέντα
854 745 932 781 τῶν
971 739 1273 791 συντιθεμένων,
1316 741 1378 781 καὶ
1413 741 1501 793 περὶ
1530 742 1585 782 ὧν

253 808 485 861 συγγραφαὶ
510 811 658 848 κεῖνται
682 808 871 854 ναυτικαί,
893 807 1009 849 τέλος
1028 807 1135 861 ἔχειν
1155 806 1324 850 ἅπαντες
1343 808 1583 858 νομίζουσιν,

254 876 317 916 καὶ
341 877 515 928 χρῆσθαι
541 873 732 926 προσήκει
756 878 836 916 τοῖς
866 873 1165 927 γεγραμμένοις.
1237 875 1297 914 ὅτι
1323 877 1363 915 δὲ
1389 876 1489 915 κατὰ
1513 874 1586 925 τὴν

254 942 492 995 συγγραφὴν
520 941 599 981 οὐδ’
633 942 761 982 ὁτιοῦν
792 941 1069 992 πεποιήκασιν,
1102 940 1193 982 ἀλλ’
1223 941 1335 984 εὐθὺς
1364 941 1430 983 ἀπ’
1460 942 1587 996 ἀρχῆς

254 1007 466 1062 ἀρξάμενοι
492 1007 773 1062 ἐκακοτέχνουν
795 1009 856 1049 καὶ
877 1008 1146 1059 ἐπεβούλευον
1165 1011 1287 1058 μηδὲν
1311 1010 1418 1062 ὑγιὲς
1443 1012 1584 1055 ποιεῖν,

253 1077 331 1118 ὑπό
367 1094 410 1118 τε
448 1080 525 1116 τῶν
557 1079 778 1128 μαρτυριῶν
820 1075 880 1116 καὶ
919 1076 1027 1116 αὐτοὶ
1065 1075 1133 1130 ὑφ’
1167 1078 1316 1117 ἑαυτῶν
1349 1075 1588 1130 ἐλέγχονται

254 1144 400 1184 οὑτωσὶ
425 1147 671 1195 καταφανῶς.

313 1210 368 1251 ιῸ
401 1213 443 1251 δὲ
481 1210 638 1251 πάντων
674 1211 898 1250 δεινότατον
935 1209 1168 1262 διεπράξατο
1206 1209 1400 1262 Λάκριτος
1434 1211 1585 1256 οὑτοσί,

255 1281 316 1318 δεῖ
348 1279 446 1328 ὑμᾶς
482 1278 660 1317 ἀκοῦσαι·
699 1277 811 1319 οὗτος
847 1278 922 1328 γὰρ
958 1276 1004 1327 ἧν
1042 1278 1061 1316 ὁ
1097 1277 1226 1317 πάντα
1261 1280 1383 1316 ταῦτα
1416 1279 1586 1318 διοικῶν.

255 1344 388 1394 ἐπειδὴ
415 1345 490 1396 γὰρ
515 1345 706 1396 ἀφίκοντο
732 1347 857 1396 δεῦρο,
886 1345 939 1385 εἷς
964 1345 1037 1394 μὲν
1057 1344 1102 1383 τὸ
1121 1343 1309 1395 ὑμέτερον
1330 1343 1518 1395 ἐμπόριον
1544 1344 1588 1384 οὐ

257 1410 560 1457 καταπλέουσιν,
588 1412 642 1451 εἰς
669 1415 814 1463 φωρῶν
839 1412 881 1452 δὲ
904 1409 1047 1460 λιμένα
1066 1411 1300 1462 ὁρμίζονται,
1319 1410 1361 1451 ὅς
1381 1411 1492 1451 ἐστιν
1512 1409 1587 1461 ἔξω

255 1482 332 1518 τῶν
367 1479 542 1529 σημείων
578 1481 646 1518 τοῦ
680 1476 867 1529 ὑμετέρου
899 1478 1097 1528 ἐμπορίου,
1131 1478 1194 1517 καὶ
1226 1477 1337 1517 ἔστιν
1367 1478 1503 1528 ὅμοιον
1533 1478 1587 1518 εἷς

256 1549 401 1598 φωρῶν
438 1543 580 1595 λιμένα
618 1545 872 1596 ὁρμίσασθαι,
907 1544 1042 1596 ὥσπερ
1079 1543 1126 1584 ἂν
1167 1545 1203 1584 εἴ
1239 1560 1296 1585 τις
1329 1545 1383 1586 εἰς
1420 1545 1587 1597 Αἴγιναν

254 1609 278 1662 ἢ
323 1614 376 1654 εἷς
420 1610 588 1663 Μέγαρα
630 1612 849 1662 ὁρμίσαιτο·
902 1610 1035 1662 ἔξεστι
1077 1613 1152 1664 γὰρ
1195 1612 1393 1652 ἀποπλεῖν
1436 1613 1479 1652 ἐκ
1519 1615 1588 1651 τοῦ

255 1678 414 1729 λιμένος
447 1678 585 1718 τούτου
618 1679 708 1718 ὅποι
740 1677 788 1718 ἄν
824 1695 881 1719 τις
911 1679 1108 1729 βούληται
1137 1679 1199 1719 καὶ
1228 1678 1380 1729 ὁπηνίκ’
1414 1677 1461 1719 ἂν
1495 1679 1587 1735 δοκῇ

257 1746 372 1800 αὐτῷ.
443 1745 506 1786 καὶ
534 1744 577 1785 τὸ
606 1747 678 1796 μὲν
706 1749 849 1786 πλοῖον
878 1747 998 1798 ὥρμει
1028 1747 1195 1786 ἐνταῦθα
1228 1746 1389 1788 πλείους
1419 1742 1442 1796 ἢ
1472 1745 1591 1786 πέντε

261 1813 322 1853 καὶ
347 1813 497 1853 εἴκοσιν
522 1811 680 1864 ἡμέρας,
708 1813 814 1853 οὗτοι
841 1815 881 1853 δὲ
907 1812 1166 1865 περιεπάτουν
1193 1814 1236 1853 ἐν
1254 1817 1307 1867 τῷ
1335 1814 1514 1865 δείγματι
1537 1817 1590 1867 τῷ
1633 1833 1648 1863 g

258 1879 445 1934 ἡμετέρῳ,
474 1879 535 1919 καὶ
564 1879 674 1930 ἡμεῖς
703 1881 936 1931 προσιόντες
966 1880 1237 1932 διελεγόμεθα,
1267 1881 1329 1920 καὶ
1358 1880 1591 1930 ἐκελεύομεν

307 2000 319 2020 1
347 1989 470 2022 τούτων
487 1995 520 2021 et
538 1990 638 2022 ὄντων
654 2001 720 2021 om.
742 1990 911 2030 Harpocr.
937 2002 963 2022 S.
976 2002 1006 2021 v.
1035 1990 1138 2024 Σύλας
1154 2002 1160 2021 t
1187 1994 1379 2029 Φασηλιτῶν
1404 1989 1506 2022 ὄντων
1523 1990 1587 2021 del.

262 2033 395 2072 Drerup
501 2037 609 2065 συλῶν
628 2034 792 2074 Harpocr.
809 2047 814 2065 :
842 2034 951 2066 σύλων
967 2035 1062 2065 codd.
1235 2045 1255 2073 3
1279 2035 1298 2066 ἃ
1315 2044 1380 2064 orn.
1403 2033 1441 2063 S¹
1553 2035 1592 2065 ἄν

260 2087 326 2107 om.
345 2077 370 2107 F
458 2090 506 2109 τις
524 2078 608 2108 ἄλλο
626 2077 724 2115 ὄνομα
744 2078 815 2118 ἔχοι
834 2077 857 2108 S
870 2077 900 2109 A
917 2089 924 2108 t
950 2079 1034 2109 ἄλλο
1048 2091 1095 2109 τις
1114 2078 1184 2117 ἔχοι
1203 2077 1301 2116 ὄνομα
1315 2078 1403 2116 vulg.
1421 2088 1428 2107 ε
1452 2090 1501 2109 τις
1520 2077 1590 2116 ἔχοι

262 2121 344 2152 ἄλλο
362 2120 459 2159 ὄνομα
477 2120 638 2159 Harpocr.
807 2124 873 2153 τοῖς
890 2121 1045 2153 τοιούτοις
1063 2121 1159 2152 codd.
1176 2133 1182 2152 2
1209 2125 1253 2161 τῷ
1270 2120 1406 2161 τοιούτῳ
1423 2119 1589 2158 Harpocr.

1605 490 1622 522 5

1609 828 1647 850 10

1611 1153 1649 1187 ¹5

1609 1495 1649 1517 20

261 2174 280 2202 4
306 2164 512 2204 ἀφαιροῦνται
529 2163 602 2204 βίᾳ]
622 2165 820 2205 ἀναιροῦνται
841 2164 1008 2203 Harpoer.
1197 2163 1256 2202 μὲν
1274 2165 1297 2194 S
1315 2174 1322 2193 ἰ
1345 2163 1406 2200 μὲν
1420 2164 1484 2205 ’γὰρ
1500 2163 1589 2202 vulg.
1608 2175 1611 2177 ·

265 2217 303 2244 14
327 2209 506 2247 μαρτυριῶν
524 2207 569 2237 S:
593 2208 760 2248 μαρτύρων
778 2207 865 2246 vulg.
1046 2209 1167 2239 ἑαυτῶν
1193 2206 1390 2247 ἐλέγχονται
1415 2206 1462 2237 S:
1487 2208 1592 2238 αὐτῶν

264 2250 495 2291 ἐξελέγχονται
514 2251 599 2288 vulg.
702 2251 741 2279 16
766 2255 844 2289 post
861 2250 989 2282 πάντων
1005 2251 1078 2281 add.
1101 2250 1225 2282 τούτων
1243 2250 1266 2281 S
1288 2260 1354 2289 [me
1371 2250 1475 2287 teste)
1492 2261 1498 2280 :
1523 2259 1588 2280 om.

262 2294 352 2333 vulg.
464 2296 634 2334 Λακρὶσιος
654 2294 676 2324 S
836 2303 872 2332 17
899 2296 1000 2325 ταῦτα
1016 2294 1121 2326 πάντα
1137 2294 1168 2323 Α
1327 2294 1363 2323 18
1388 2293 1545 2333 ἡμέτερον
1560 2292 1593 2324 Α

268 2348 306 2380 19
331 2339 373 2370 εἷς
393 2338 519 2381 φωρῶν]
538 2337 576 2367 cf.
600 2337 705 2370 Bekk.
725 2336 852 2370 Anecd.
872 2348 902 2376 p.
922 2348 994 2377 3¹5.
1019 2348 1055 2377 14
1189 2348 1230 2368 20
1255 2337 1408 2378 ἡμετέρου
1427 2337 1450 2368 S
1465 2336 1495 2376 Q
