1685 2772
49 133 201 188 xxxm]
402 138 564 176 ΠΡΟΣ
617 137 1028 176 AHATOTPION
1419 127 1540 182 [899]

47 247 171 304 ᾤχετο
197 246 356 289 ἐνθένδε
380 247 607 289 ἀποπλέων·
659 249 678 288 ὁ
703 250 744 289 δὲ
770 246 1045 299 Ἀριστοκλῆς,
1073 245 1382 299 διαμαρτυραμέ-

49 332 116 357 νου
141 318 210 356 τοῦ
235 315 441 367 ἀνθρώπου
467 315 648 356 ἐναντίον
671 315 878 367 μαρτύρων
902 313 955 365 μὴ
983 315 1281 367 ἀποφαίνεσθαι
1300 313 1385 354 καθ’

49 384 167 423 αὑτοῦ
191 382 283 423 ἄνευ
309 385 386 423 τῶν
411 385 708 433 συνδιαιτητῶν,
731 380 1064 433 ἀποδημήσαντος
1089 383 1157 422 τοῦ
1177 382 1385 434 ἀνθρώπου

49 451 113 489 διὰ
137 449 209 500 τὴν
227 451 439 502 συμφορὰν
459 448 607 501 ἐρήμην
628 449 711 489 κατ’
732 449 850 490 αὐτοῦ
870 448 1105 502 ἀπεφήνατο
1124 448 1197 499 τὴν
1217 449 1382 489 δίαιταν.

12 533 29 564 5
52 517 114 557 καὶ
154 517 232 569 ἐγὼ
272 519 344 568 μὲν
387 517 449 556 καὶ
489 517 509 556 ὁ
548 516 750 569 Φώκριτος
789 518 830 557 ἐν
868 521 953 558 ταῖς
994 516 1128 558 αὐταῖς
1171 514 1384 566 συνθήκαις
1418 529 1459 555 21

51 583 328 636 γεγραμμένοι,
378 584 438 624 ὅτι
484 582 807 636 ἠμφεσβήτησεν
856 583 970 624 οὗτος
1025 583 1079 635 μὴ
1134 582 1234 623 εἶναι
1284 583 1386 634 ἡμᾶς

51 652 249 701 διαιτητὰς
287 651 403 704 αὐτῷ,
443 651 646 702 ἐφύγομεν
684 649 730 690 τὸ
771 653 984 700 διαιτῆσαι·
1034 651 1054 689 ὁ
1096 652 1138 690 δὲ
1180 649 1224 690 οὐ
1263 650 1387 700 μόνον

52 717 389 770 ἀμφισβητηθείς,
417 718 524 756 ἀλλὰ
551 717 614 757 καὶ
640 718 864 770 ἀπορρηθὲν
890 717 1006 771 αὐτῷ,
1036 716 1149 758 οὐδὲν
1173 716 1291 767 ἧττον
1316 715 1387 766 τὴν

53 784 261 835 ἀπόφασιν
309 782 539 833 ἐποιήσατο.
632 782 653 823 ὃ
695 784 785 824 οὔτε
827 784 936 834 ὑμῶν
985 784 1074 824 οὔτε
1121 787 1200 824 τῶν
1249 783 1387 824 ἄλλων

0 865 32 887 ιο
51 850 273 901 Ἀθηναίων
297 850 504 901 ὑπομείναι
529 849 577 890 ἂν
604 852 769 900 ποιῆσαι
794 850 934 892 οὐδείς.

113 915 166 956 *A
197 919 269 968 μὲν
303 917 370 957 οὖν
399 918 488 969 περὶ
517 917 588 967 τὴν
620 916 815 970 ἀφάνισιν
849 921 929 957 τῶν
964 920 1172 968 συνθηκῶν
1204 917 1267 957 καὶ
1300 917 1388 969 περὶ
1421 929 1464 956 22

51 983 123 1035 τὴν
146 987 298 1037 γνῶσιν
322 986 390 1035 τῆς
415 985 565 1034 διαίτης
589 983 835 1038 Ἀπατουρίῳ
868 983 931 1024 καὶ
955 988 1008 1039 τῷ
1034 987 1212 1041 διαιτητῇ
1236 983 1384 1036 πέπρα-

53 1068 151 1097 κται,
170 1050 239 1092 ἐάν
255 1068 351 1092 ποτε
372 1054 482 1108 σωθῇ
502 1052 521 1090 ὁ
540 1050 788 1102 ἠδικημένος,
811 1052 921 1102 δίκην
939 1051 1030 1104 παρ’
1051 1051 1177 1093 αὐτῶν
1196 1051 1386 1104 λήψεται·

52 1118 185 1169 ἐπειδὴ
221 1118 253 1158 δ’
285 1120 339 1160 εἰς
367 1122 482 1158 τοῦτο
517 1118 712 1169 ἐλήλυθεν
746 1117 1004 1171 Ἀπατούριος
1039 1120 1249 1165 ἀναιδείας,
1283 1119 1389 1159 ὥστε

0 1200 30 1232 15
54 1185 168 1237 κάμοὶ
187 1184 394 1235 δικάζεται,
417 1184 617 1238 ἐπιφέρων
637 1186 766 1226 αἰτίαν
787 1185 838 1227 ὡς
863 1185 1108 1238 ἀνεδεξάμην
1128 1187 1333 1232 ἐκτείσειν,
1356 1187 1393 1227 εἵ

52 1270 89 1293 τι
110 1253 406 1304 καταγνωσθείη
427 1256 496 1292 τοῦ
517 1252 811 1304 Παρμένοντος,
835 1254 902 1293 καί
918 1258 1045 1305 φησιν
1065 1255 1315 1306 ἐγγραφῆναι
1335 1254 1390 1294 εἷς

51 1320 121 1361 τὰς
147 1317 345 1369 συνθήκας
366 1321 435 1370 ἐμὲ
456 1318 665 1372 ἐγγυητήν,
688 1319 824 1372 ὥσπερ
844 1319 1040 1372 προσήκει
1059 1321 1242 1370 τοιαύτην
1263 1319 1390 1361 αἰτίαν

52 1386 349 1433 ἀπολύσασθαι,
377 1390 532 1438 πρῶτον
556 1389 628 1437 μὲν
648 1387 738 1437 ὑμῖν
764 1385 963 1440 μάρτυρας
995 1385 1310 1440 παρασχήσομαι
1340 1387 1391 1428 ὡς

53 1453 121 1493 οὐκ
140 1452 403 1505 ἠγγυησάμην
424 1454 501 1506 ἐγὼ
527 1452 594 1494 τὸν
616 1453 893 1506 Παρμένοντα,
917 1453 1010 1494 ἀλλ’
1030 1453 1257 1507 ’Ἄρχιππος
1278 1457 1389 1506 Μυρ-

0 1533 33 1556 20
52 1519 264 1571 ρινούσιος,
283 1519 419 1560 ἔπειτα
438 1519 680 1572 πειράσομαι
701 1520 762 1560 καὶ
782 1522 825 1560 ἐκ
843 1521 1062 1573 τεκμηρίων
1080 1520 1151 1571 τὴν
1168 1522 1392 1573 ἀπολογίαν

54 1585 313 1636 ποιήσασθαι,
341 1584 370 1626 ὦ
395 1586 532 1639 ἄνδρες
552 1589 748 1628 δικασταί.
801 1591 958 1640 πρῶτον
976 1590 1050 1639 μὲν
1068 1587 1137 1628 οὖν
1156 1587 1226 1628 τὸν
1245 1588 1391 1642 χρόνον
1423 1599 1468 1633 23

55 1654 205 1708 ἐμαυτῷ
234 1653 401 1705 ἡγοῦμαι
430 1654 607 1707 μάρτυρα
641 1655 741 1695 εἶναι
769 1657 838 1694 τοῦ
869 1654 922 1705 μὴ
954 1655 1100 1705 ἀληθὲς
1132 1654 1178 1694 τὸ
1213 1655 1392 1707 ἔγκλημα
1425 1660 1552 1715 [900]

55 1720 167 1760 εἶναι.
238 1720 261 1771 ἡ
297 1722 370 1771 μὲν
395 1722 470 1773 γὰρ
506 1721 697 1774 ἐπιτροπὴ
736 1722 860 1776 τούτῳ
898 1721 995 1774 πρὸς
1027 1720 1096 1761 τὸν
1129 1721 1392 1773 Παρμένοντα

54 1787 186 1839 τρίτον
211 1787 298 1829 ἔτος
322 1787 488 1840 γέγονεν
515 1789 576 1828 καὶ
605 1788 628 1840 ἡ
658 1792 805 1842 γνῶσις
835 1791 904 1829 τοῦ
927 1787 1246 1841 Ἀριστοκλέους·
1284 1790 1324 1828 αἱ
1348 1790 1391 1828 δὲ

0 1865 34 1897 ²5
55 1852 190 1904 λήξεις
229 1857 312 1895 τοῖς
355 1855 541 1907 ἐμπόροις
581 1859 659 1896 τῶν
702 1858 819 1897 δικῶν
860 1856 1028 1907 ἔμμηνοί
1068 1856 1171 1896 εἰσιν
1207 1854 1285 1895 ἀπὸ
1324 1858 1392 1895 τοῦ

56 1923 354 1973 βοηδρομιῶνος
389 1921 507 1974 μέχρι
543 1926 610 1962 τοῦ
642 1927 917 1977 μουνιχιῶνος,
951 1925 1014 1963 ἵνα
1042 1925 1284 1975 παραχρῆμα
1314 1925 1392 1962 τῶν

56 1988 217 2028 δικαίων
251 1988 440 2041 τυχόντες
476 1988 712 2042 ἀνάγωνται.
764 1991 798 2031 εἶ
831 1990 877 2041 δὴ
915 1996 962 2047 τῇ
994 1990 1161 2043 ἀληθείᾳ
1200 1989 1392 2041 ἐγγυητὴς

57 2053 103 2104 ἧν
139 2058 207 2094 τοῦ
243 2055 537 2106 Παρμένοντος,
578 2058 642 2097 διὰ
677 2058 719 2097 τί
751 2061 908 2107 πρῶτον
953 2059 1025 2109 μὲν
1065 2057 1133 2097 οὐκ
1173 2056 1285 2097 εὐθὺς
1323 2058 1392 2107 τῆς

105 2173 118 2193 1
146 2163 433 2205 διαμαρτυρομένου
449 2163 479 2194 Α
655 2175 675 2204 3
700 2168 873 2204 διαιτητῶν
891 2166 921 2196 Α
1057 2169 1113 2198 τοῦ
1131 2167 1292 2206 ἀνθρώπου
1309 2166 1390 2197 Secl.

58 2205 276 2237 Herwerden
409 2218 428 2246 5
454 2210 563 2241 αὐταῖς
581 2219 644 2239 om.
662 2208 694 2239 A
830 2211 851 2239 6
875 2210 1135 2251 ἠμφεσβήτησεν
1153 2209 1176 2240 S
1192 2221 1198 2240 :
1224 2211 1389 2249 ἠμφισβή-

56 2262 159 2288 τησεν
180 2251 269 2289 vulg.
452 2261 489 2290 15
525 2251 702 2292 δικάζεται]
733 2252 915 2293 δικάζεσθαι
944 2254 968 2284 S
983 2253 1013 2293 Q
1029 2254 1057 2283 D
1239 2263 1277 2292 19
1311 2259 1388 2284 ante

58 2293 285 2334 Μυρρινούσιος
301 2294 378 2326 add.
397 2297 412 2326 ὃ
429 2295 459 2325 Α
476 2295 572 2325 solus
690 2306 731 2334 25
755 2300 822 2329 τοῖς
841 2296 987 2337 ἐμπόροις
1004 2301 1070 2329 τῶν
1086 2300 1180 2330 δικῶν
1197 2297 1228 2327 Α
1244 2309 1251 2327 :
1275 2299 1340 2329 τῶν
1359 2299 1386 2328 δ.

58 2338 125 2368 τοῖς
137 2339 210 2376 ἐμπ.
223 2337 311 2376 vulg.
327 2349 332 2367 :
356 2341 424 2371 τοῖς
440 2339 587 2380 ἐμπόροις
598 2349 664 2369 om.
680 2339 704 2370 S
723 2340 847 2381 (λήξεις
861 2342 894 2370 in
913 2341 981 2371 fine
993 2341 1126 2380 versus)
1218 2342 1261 2371 26
1276 2354 1388 2380 μουνυ-

57 2382 174 2420 χιῶνος
190 2380 286 2411 codd.
422 2392 462 2420 27
488 2383 525 2420 δὴ
544 2383 567 2413 S
587 2384 655 2422 (me
672 2384 776 2423 teste)
793 2382 846 2414 A:
871 2383 906 2416 δὲ
922 2384 1010 2423 vulg.
1133 2385 1174 2415 28
1196 2383 1256 2423 μὲν
1273 2394 1337 2414 om.
1357 2382 1389 2413 A

1217 2439 1257 2470 6*
