1685 2772
205 97 335 154 xxxlx]
410 104 554 142 ΠΡΟΣ
591 103 848 143 ΒΟΙΩΤΟΝ
888 105 1018 142 ΠΕΡΙ
1054 104 1165 142 TOT
1201 105 1510 143 ONOMATOE

756 269 978 296 MAPTTPIAI.

272 351 422 389 Λοιπὸν
438 348 606 401 ἡγοῦμαι
630 346 735 389 τοῦθ’
760 349 850 399 ὑμῖν
871 346 1072 397 ἐπιδεῖξαι,
1100 346 1129 387 ὦ
1149 348 1285 401 ἄνδρες
1311 348 1526 399 Ἀθηναῖοι,

206 416 257 458 ὡς
281 415 326 455 οὐ
356 417 480 467 μόνον
514 413 760 468 εὐορκήσετε,
795 414 843 455 ἂν
876 415 959 466 ἁγὼ
990 415 1097 466 λέγω
1132 416 1387 467 ψηφίσησθε,
1423 416 1528 456 ἀλλὰ

206 482 268 522 καὶ
285 482 336 524 ὡς
352 483 464 524 οὗτος
480 478 619 534 [αὐτὸς]
645 482 761 522 αὑτοῦ
787 480 960 534 κατέγνω
986 482 1172 527 Βοιωτόν,
1194 481 1285 522 ἀλλ’
1305 481 1349 522 οὐ
1376 484 1525 522 Μαντί-

167 569 184 601 5
206 551 295 590 θεον
322 551 446 600 ὄνομα
470 549 626 590 δικαίως
645 548 693 589 ἂν
719 548 840 601 ἔχειν.
898 549 1098 601 λαχόντος
1121 550 1197 601 γὰρ
1216 550 1311 600 ἐμοῦ
1329 549 1400 599 τὴν
1417 550 1528 599 δίκην

204 616 348 666 ταύτην
374 619 529 670 Βοιωτῷ
556 617 736 656 Μαντίου
762 617 949 669 Θορικίῳ,
973 614 1021 666 ἐξ
1040 616 1166 669 ἀρχῆς
1193 614 1226 656 τ’
1251 615 1442 665 ἠντεδίκει
1467 616 1530 655 καὶ

203 682 402 733 ὑπώμνυθ’
439 683 490 724 ὡς
526 682 579 723 ὢν
608 683 792 729 Βοιωτός,
829 684 890 723 καὶ
926 681 970 722 τὸ
1007 686 1246 729 τελευταῖον,
1282 682 1368 723 ἐπεὶ
1403 682 1527 723 οὐκέτ’

205 751 296 799 ἐνῆν
321 750 423 804 αὐτῷ
444 750 767 802 διακρούσασθαι,
791 748 936 802 ἐρήμην
955 749 1078 791 ἐάσας
1104 752 1416 800 καταδιαιτῆσαι,
1435 749 1525 790 σκέ-

203 819 342 869 ψασθε
375 817 471 869 πρὸς
505 820 604 858 θεῶν
639 818 680 857 τί
705 818 907 867 ἐποίησεν·
966 815 1253 870 ἀντιλαγχάνει
1276 834 1344 869 μοι
1375 816 1445 867 τὴν
1476 816 1527 868 μὴ

147 903 186 925 10
204 883 329 924 οὖσαν
363 886 535 924 Βοιωτὸν
569 884 686 924 αὑτὸν
715 884 1058 936 προσαγορεύσας.
1119 884 1245 925 καίτοι
1274 882 1321 934 ἐξ
1346 885 1470 938 ἀρχῆς
1492 882 1527 924 τ’

204 950 283 991 ἔδει
313 952 381 991 ἐᾶν
411 950 527 991 αὐτὸν
557 951 804 992 τελέσασθαι
830 950 902 1001 τὴν
934 951 1043 1001 δίκην
1078 953 1175 992 κατὰ
1203 955 1388 997 Βοιωτοῦ,
1421 953 1529 1003 ε’ίπερ

203 1019 325 1069 μηδὲν
350 1020 550 1070 προσῆκεν
576 1018 678 1073 αὐτῷ
702 1017 952 1069 τούνόματος,
974 1019 1143 1070 ὕστερόν
1159 1035 1203 1059 τε
1226 1018 1279 1070 μὴ
1300 1017 1416 1058 αὐτὸν
1437 1018 1527 1069 φαί-

204 1086 343 1125 νεσθαι
369 1085 432 1125 ἐπὶ
456 1088 508 1139 τῷ
526 1085 689 1136 ὀνόματι
710 1085 834 1139 τούτῳ
860 1085 1205 1138 ἀντιλαγχάνοντα
1223 1084 1294 1135 τὴν
1317 1084 1368 1136 μὴ
1390 1084 1525 1125 οὖσαν.

205 1150 247 1192 ὃς
273 1151 341 1191 οῦν
367 1151 485 1192 αὐτὸς
509 1153 626 1191 αὑτοῦ
661 1150 835 1203 κατέγνω
861 1153 1018 1193 δικαίως
1046 1149 1130 1202 <ἂν>
1155 1152 1254 1191 εἶναι
1281 1152 1461 1197 Βοιωτός,
1489 1152 1532 1191 τί

147 1234 183 1266 15
203 1218 304 1268 ’ὑμᾶς
339 1217 503 1268 ἀξιώσει
532 1218 622 1260 τοὺς
657 1218 911 1269 ὀμωμοκότας
946 1219 1216 1270 ψηφίζεσθαι;
1267 1218 1317 1258 ὡς
1350 1221 1391 1258 δὲ
1419 1217 1525 1258 ταῦτ’

204 1285 331 1335 ἀληθῆ
352 1284 472 1337 λέγω,
498 1284 605 1336 λαβέ
629 1301 697 1336 μοι
719 1284 790 1334 τὴν
808 1284 1012 1335 ἀντίληξιν
1038 1286 1101 1325 καὶ
1123 1285 1168 1325 τὸ
1194 1285 1371 1337 ἔγκλημα
1394 1285 1513 1325 τουτί.

626 1447 857 1477 ANUM-1512.
904 1448 1108 1475 ΕΓΚΛΗΜΑ.

272 1528 320 1568 Εἰ
348 1529 421 1579 μὲν
447 1527 579 1566 τοίνυν
610 1525 724 1568 οὗτος
752 1525 838 1578 ἔχει
869 1525 995 1576 δεῖξαι
1024 1525 1145 1576 νόμον
1165 1524 1207 1567 ὃς
1235 1529 1343 1566 ποιεῖ
1377 1525 1526 1577 κυρίους

207 1593 307 1635 εἶναι
333 1594 424 1635 τοὺς
448 1596 589 1634 παῖδας
618 1596 687 1633 τοῦ
722 1594 871 1633 ἑαυτῶν
899 1592 1104 1643 ὀνόματος,
1131 1592 1156 1632 ἃ
1182 1591 1293 1644 λέγει
1320 1595 1388 1632 νῦν
1415 1592 1527 1632 οὗτος

147 1679 188 1701 20
205 1662 328 1713 ὀρθῶς
358 1660 406 1701 ἂν
435 1660 695 1713 ψηφίζοισθε.
767 1659 801 1700 εἰ
824 1658 858 1700 δ’
888 1659 908 1699 ὁ
939 1661 1012 1711 μὲν
1042 1659 1171 1709 νόμος,
1197 1658 1243 1698 ὃν
1268 1657 1411 1700 πάντες
1443 1659 1526 1698 ἐπί-

207 1727 350 1768 στασθ’
387 1727 528 1778 ὁμοίως
564 1726 662 1776 ἐμοί,
700 1725 790 1767 τοὺς
826 1724 967 1777 γονέας
1003 1730 1111 1765 ποιεῖ
1145 1725 1292 1777 κυρίους
1330 1725 1373 1764 οὐ
1407 1725 1528 1776 μόνον

207 1794 348 1835 θέσθαι
376 1792 534 1844 τοῦνομ’
569 1791 615 1843 ἐξ
641 1793 778 1846 ἀρχῆς,
806 1793 912 1832 ἀλλὰ
940 1791 1011 1832 κᾶν
1043 1791 1163 1832 πάλιν
1190 1791 1403 1844 ἐξαλεῖψαι
1431 1792 1527 1842 βού-

206 1868 355 1902 λωνται
393 1862 455 1901 καὶ
493 1858 745 1912 ἀποκηρῦξαι,
782 1859 962 1910 ἐπέδειξα
999 1858 1031 1899 δ’
1070 1860 1146 1911 ἐγὼ
1183 1858 1251 1898 τὸν
1287 1858 1448 1910 πατέρα,
1486 1857 1528 1899 ὃς

207 1929 335 1980 κύριος
359 1927 406 1978 ἦν
432 1929 474 1968 ἐκ
498 1931 566 1967 τοῦ
590 1928 723 1978 νόμου,
750 1926 872 1980 τούτῳ
896 1929 968 1977 μὲν
991 1926 1175 1971 Βοιωτόν,
1205 1925 1288 1975 ἐμοὶ
1307 1927 1348 1965 δὲ
1373 1925 1526 1965 Μαντί-

148 2009 186 2040 ²5
207 1998 295 2035 θεον
322 1995 499 2046 θέμενον,
517 1999 599 2035 πῶς
623 1995 713 2044 ὑμῖν
732 1994 843 2033 ἔστιν
861 1993 963 2033 ἄλλο
982 2010 1019 2032 τι
1039 1992 1144 2042 πλὴν
1162 1993 1245 2044 ἁγὼ
1263 1991 1369 2044 λέγω
1394 1992 1524 2044 ψηφί-

208 2065 376 2108 σασθαι;
416 2063 523 2102 ἀλλὰ
541 2061 618 2113 μὴν
637 2062 690 2101 ὧν
709 2059 747 2113 γ’
764 2059 814 2100 ἂν
833 2059 883 2111 μὴ
902 2058 978 2100 ὦσι
1001 2060 1126 2111 νόμοι,
1147 2059 1282 2114 γνώμῃ
1308 2064 1355 2115 τῇ
1380 2060 1523 2097 δικαιο-

250 2183 269 2202 2
293 2173 452 2210 Ἀθηναῖοι
471 2172 494 2203 S
513 2172 565 2203 A:
592 2169 736 2203 δικασταί
749 2170 840 2209 vulg.
992 2180 1011 2208 4
1036 2168 1128 2202 οὗτος
1146 2169 1169 2200 S
1185 2168 1224 2204 D,
1246 2169 1286 2200 cf.
1308 2168 1384 2207 Lys.
1402 2168 1457 2197 xiv
1472 2168 1527 2206 38,

209 2215 307 2247 Dein.
328 2216 362 2245 iii
379 2225 416 2245 21
434 2226 440 2245 :
465 2216 558 2248 αὐτὸς
572 2215 604 2246 A
622 2228 628 2245 :
650 2212 745 2246 οὗτος
763 2215 856 2245 αὐτὸς
875 2213 961 2252 vulg.
1082 2215 1102 2242 6
1127 2213 1284 2251 ἠντεδίκει
1303 2212 1326 2241 S
1342 2223 1349 2242 :
1375 2211 1528 2249 ἠντιδίκει

206 2260 295 2298 vulg.
428 2269 445 2297 7
470 2260 512 2290 ὢν
530 2258 553 2288 S
569 2269 576 2288 ἰ
601 2260 638 2290 ἂν
654 2258 686 2288 Α
701 2269 708 2288 :
731 2255 771 2296 ἧν
785 2257 873 2295 vulg.
998 2257 1018 2286 8
1042 2256 1258 2297 διακρούεσθαι
1276 2254 1306 2284 Α
1431 2265 1468 2284 10
1490 2268 1527 2285 τε

208 2302 232 2333 S
249 2302 339 2333 solus
455 2311 490 2331 11
518 2303 613 2333 αὐτὸν
630 2302 684 2332 ἐὰν
697 2300 729 2330 Α
856 2310 894 2338 14
919 2298 999 2342 (ἂν)
1015 2301 1091 2330 add.
1110 2299 1208 2329 Blass
1327 2307 1367 2329 22
1390 2299 1448 2329 κᾶν
1466 2321 1473 2328 .
1491 2320 1499 2328 .
1517 2320 1527 2329 .

208 2345 406 2385 βούλωνται]
424 2346 475 2376 καὶ
493 2368 501 2377 .
517 2368 525 2375 .
547 2367 554 2375 .
573 2347 628 2376 ἐὰν
644 2349 676 2381 β.
699 2345 724 2374 F
736 2344 766 2382 Q
856 2353 896 2382 25
922 2343 1088 2375 ἔνεστινΑ
1178 2343 1220 2372 26
1241 2343 1284 2382 μὴ
1301 2341 1361 2373 ὦσι
1376 2341 1463 2380 νόμοι
1479 2341 1528 2371 Α;

205 2391 250 2429 μὴ
267 2403 334 2428 νομ.
354 2404 387 2421 ω.
408 2387 446 2419 Sl
462 2399 469 2418 ε
494 2390 536 2428 μὴ
554 2387 638 2428 νόμῳ
655 2388 742 2426 vulg.

1563 93 1685 147 [1005

1559 370 1602 403 37

1562 546 1685 601 [1006

1555 1542 1600 1578 39

1555 2073 1602 2107 40
