1685 2772
74 119 194 176 [844]

173 578 191 600 k.)

78 767 193 822 [845]

651 126 1147 165 ΔΗΜΟΣΘΕΝΟΎΣ
1435 120 1555 176 [xxm

222 236 329 277 ταῦτ’
357 237 390 277 εἷ
423 238 495 287 μὲν
526 237 651 276 ἐδεῖτο
683 235 809 288 λόγου
838 235 943 277 τινὸς
976 231 999 285 ἢ
1031 236 1241 281 ποικιλίας,
1269 235 1396 288 ἔγωγε
1430 237 1552 277 κατώ-

224 321 338 344 κνουν
381 302 429 344 ἂν
467 302 537 353 τὴν
580 304 748 353 ἐμαυτοῦ
791 303 1146 355 καταμεμφόμενος
1189 303 1359 353 ἡλικίαν·
1410 307 1479 344 νῦν
1522 304 1555 344 δ’

223 373 361 413 ἁπλῶς
393 373 454 411 δεῖ
482 369 634 420 διδάξαι
665 369 728 409 καὶ
761 367 1031 422 διηγήσασθαι
1062 371 1111 409 τὰ
1141 370 1264 424 τούτῳ
1297 370 1556 423 πεπραγμένα

222 438 311 490 περὶ
350 437 474 488 ἡμῶν·
524 438 567 477 ἐκ
609 439 652 477 δὲ
689 436 837 477 τούτων
875 436 984 487 οἶμαι
1024 439 1146 477 πᾶσιν
1187 438 1278 488 ὑμῖν
1330 438 1556 489 εὔγνωστον

223 505 403 551 ἔσεσθαι,
436 504 601 556 πότερός
630 502 720 543 ποθ’
749 504 860 554 ἡμῶν
894 498 979 544 ἐσθ’
1013 504 1033 543 ὁ
1063 504 1247 555 πονηρός.

292 571 394 612 Οἶδα
429 574 501 622 μὲν
533 571 600 611 οὖν
630 571 690 611 ὅτι
722 570 793 620 τὴν
823 572 932 621 δίκην
966 571 1078 612 οὗτος
1112 572 1249 624 εἴληχε
1281 571 1439 620 ταύτην,
1466 571 1556 626 οὐχὶ

224 643 277 693 τῷ
316 640 364 677 τὰ
407 640 535 690 ψευδῆ
579 637 650 677 τιν’
690 638 807 677 αὕτοΰ
853 637 1286 689 καταμεμαρτυρηκέναι
1330 637 1557 690 ἐξελέγξειν

226 704 437 751 πιστεύων,
464 704 555 745 ἀλλ’
580 704 800 756 ἡγούμενος
820 706 883 744 διὰ
907 708 951 744 τὸ
976 703 1142 757 μέγεθος
1167 708 1235 744 τοῦ
1254 704 1470 756 τιμήματος
1488 708 1556 756 τῆς

227 773 347 822 δίκης,
373 770 422 823 ἢν
447 769 597 824 ὦφλεν,
624 772 709 823 ἐμοὶ
734 774 807 823 μὲν
837 771 886 812 ἂν
920 771 1111 824 γενέσθαι
1144 773 1231 812 τινὰ
1259 772 1424 825 φθόνον,
1453 774 1555 827 αὑτῷ

227 839 259 880 δ’
286 840 413 880 ἔλεον.
484 839 547 880 καὶ
578 840 641 879 διὰ
673 842 793 879 ταῦτα
829 838 918 891 περὶ
949 841 1017 889 τῆς
1050 838 1318 891 γεγενημένης
1348 841 1456 890 δίκης
1488 843 1557 880 νῦν

226 907 496 958 ἀπολογεῖται,
524 906 612 958 περὶ
636 905 681 957 ἧς
711 905 790 946 τότ’
817 906 930 947 οὐδὲν
964 906 1062 960 ἔσχε
1091 907 1239 947 δίκαιον
1270 908 1408 948 εἰπεῖν.
1479 908 1556 960 ἐγὼ

226 973 273 1021 δ’,
301 971 330 1014 ὦ
356 973 492 1025 ἄνδρες
518 974 715 1020 δικασταί,
742 975 775 1014 εἶ
799 976 873 1025 μὲν
896 972 1154 1027 ἐπεπράγμην
1182 977 1320 1014 τοῦτον
1349 973 1420 1024 τὴν
1446 975 1556 1025 δίκην

225 1037 249 1091 ἢ
284 1043 405 1092 μηδὲν
441 1040 587 1091 ἤθελον
622 1040 782 1093 μέτριον
815 1045 1054 1094 συγχωρεῖν,
1094 1041 1253 1091 ἠδίκουν
1287 1043 1360 1092 μὲν
1391 1040 1471 1081 οὐδ’
1508 1041 1557 1082 ἂν

227 1108 362 1154 οὕτως,
383 1109 431 1148 τὰ
454 1107 544 1160 παρ’
568 1108 657 1159 ὑμῖν
683 1107 916 1160 γνωσθέντα
942 1108 1210 1159 πραττόμενος
1239 1107 1370 1156 αὐτόν,
1396 1109 1500 1159 ὅμως
1524 1108 1557 1148 δ’

228 1174 275 1214 ἂν
302 1174 411 1228 εἶχέν
435 1192 492 1217 τις
517 1176 654 1225 εἰπεῖν,
684 1175 735 1218 ὡς
758 1175 850 1215 λίαν
877 1174 988 1225 ὠμῶς
1009 1175 1072 1216 καὶ
1090 1178 1237 1226 πικρῶς
1262 1177 1356 1216 ὄντα
1382 1177 1557 1227 συγγενῆ

230 1245 370 1282 τοῦτον
396 1243 437 1282 ἐκ
461 1244 530 1292 τῆς
557 1242 695 1284 οὐσίας
721 1241 880 1292 ἁπάσης
905 1241 1151 1292 ἐκβέβληκα.
1224 1245 1293 1282 νῦν
1323 1244 1365 1282 δὲ
1393 1242 1555 1283 τούναν-

229 1309 313 1349 τίον
350 1310 474 1349 ἐστίν·
525 1309 637 1351 οὗτος
675 1310 742 1359 ἐμὲ
780 1312 858 1349 τῶν
894 1307 1079 1364 πατρῴων
1114 1308 1300 1349 ἁπάντων
1340 1310 1439 1360 μετὰ
1479 1313 1559 1349 τῶν

230 1376 529 1428 συνεπιτρόπων
554 1374 838 1427 ἀπεστέρηκεν,
866 1375 929 1415 καὶ
959 1375 1038 1415 οὐδ’
1066 1377 1107 1416 ἐν
1135 1377 1226 1426 ὑμῖν
1259 1380 1440 1428 φανερῶς
1473 1374 1556 1426 ἐξε-

229 1443 415 1496 λεγχθεὶς
440 1444 563 1483 οἴεται
592 1446 671 1483 δεῖν
704 1442 818 1483 οὐδὲν
850 1446 928 1482 τῶν
963 1443 1132 1494 μετρίων
1165 1445 1305 1489 ποιεῖν,
1332 1443 1440 1483 ἀλλὰ
1475 1446 1557 1483 δια-

231 1509 527 1560 σκευασάμενος
552 1510 622 1560 τὴν
647 1509 801 1555 οὐσίαν,
832 1509 893 1549 καὶ
924 1509 1121 1561 παραδοὺς
1154 1509 1226 1559 τὴν
1255 1511 1327 1560 μὲν
1357 1510 1560 1550 συνοικίαν

230 1578 370 1631 Αἰσίῳ,
397 1576 465 1617 τὸν
490 1576 521 1616 δ’
547 1576 668 1629 ἀγρὸν
694 1575 894 1629 Ὀνήτορι,
921 1576 1018 1628 πρὸς
1042 1578 1115 1627 μὲν
1147 1577 1319 1618 ἐκείνους
1350 1577 1462 1627 δίκην
1499 1576 1562 1616 καὶ

231 1642 426 1696 πράγματ’
461 1643 568 1696 ἔχειν
602 1645 670 1694 ἐμὲ
703 1644 931 1693 πεποίηκεν,
960 1644 1002 1683 ἐκ
1038 1645 1080 1683 δὲ
1109 1646 1178 1694 τῆς
1211 1643 1334 1685 οἰκίας
1367 1644 1481 1685 αὐτὸς
1513 1644 1561 1683 τὰ

231 1710 349 1761 σκεύη
391 1711 532 1761 λαβὼν
572 1711 633 1751 καὶ
671 1710 906 1762 τάνδράποδ’
944 1709 1149 1762 ἐξαγαγὼν
1188 1711 1250 1751 καὶ
1297 1710 1366 1751 τὸν
1412 1709 1562 1751 λάκκον

231 1778 452 1830 συντρίψας
478 1777 542 1817 καὶ
566 1779 614 1817 τὰ
639 1777 831 1830 θυρώματ’
849 1776 1092 1819 ἀποσπάσας
1116 1777 1179 1818 καὶ
1201 1778 1323 1829 μόνον
1348 1777 1416 1818 οὐκ
1440 1777 1562 1824 αὐτὴν

230 1844 301 1895 τὴν
337 1845 462 1885 οἰκίαν
500 1843 703 1897 ἐμπρήσας
742 1844 945 1897 Μέγαράδ’
990 1842 1180 1900 ἐξῴκηκεν
1220 1846 1331 1885 κάκεῖ
1363 1846 1562 1896 μετοίκιον

231 1910 407 1963 τέθηκεν.
478 1912 583 1953 ὥστε
620 1912 723 1953 πολὺ
759 1911 807 1952 ἂν
845 1913 1084 1965 δικαιότερον
1121 1914 1185 1952 διὰ
1225 1915 1346 1952 ταῦτα
1381 1913 1429 1952 τὰ
1466 1911 1563 1964 ἔργα

233 1981 370 2019 τοῦτον
394 1978 609 2030 μισήσαιτε
633 1976 656 2029 ἢ
684 1981 776 2030 ἐμοῦ
801 1979 872 2020 τιν’
899 1980 1162 2020 ἀνεπιείκειαν
1189 1979 1462 2032 καταγνοίητε.

1575 516 1593 548 5

1579 853 1616 876 10

1580 1193 1617 1226 15

1581 1524 1620 1547 20

1583 1858 1620 1889 25

281 2098 295 2118 1
321 2089 340 2126 ἢ
357 2088 436 2119 secl.
458 2088 578 2119 Blass:
604 2099 681 2119 num
701 2088 892 2132 (πλείονος)
909 2091 950 2128 ἢὲ
976 2090 1016 2121 cf.
1038 2089 1108 2120 xliv
1127 2090 1176 2128 16,
1197 2087 1281 2120 Isae.
1303 2088 1335 2119 iv
1351 2097 1371 2127 5
1471 2097 1491 2126 3
1516 2089 1568 2119 δεῖ

234 2142 300 2163 om.
320 2132 344 2162 S
357 2131 389 2162 A
503 2133 621 2173 διδάξαι
639 2144 703 2164 om.
728 2133 777 2172 Sl,
796 2134 872 2165 add.
893 2134 925 2164 in
943 2144 1007 2173 mg.
1027 2134 1101 2166 ead.
1120 2143 1162 2164 m.
1284 2141 1301 2171 7
1328 2131 1505 2173 ἐξελέγξειν
1521 2142 1564 2161 ex
1607 2171 1610 2174 Δ

235 2174 424 2215 ἐξελέγχειν
441 2175 465 2206 S
573 2186 611 2215 14
635 2179 719 2217 ὑμῶν
735 2177 766 2207 Α
880 2186 917 2216 15
941 2178 1024 2216 ὠμὸς
1041 2179 1090 2210 καὶ
1108 2178 1217 2218 πικρὸς
1234 2175 1258 2206 S
1373 2176 1412 2206 16
1437 2174 1564 2213 ἁπάσης

236 2217 260 2248 S
271 2218 301 2248 A
313 2218 397 2259 pr.
412 2230 418 2249 :
445 2229 499 2250 om
512 2219 569 2252 F1:
596 2220 662 2252 del.
678 2221 775 2251 Blass
858 2231 901 2251 20
918 2222 1080 2253 συνοικίαν
1092 2221 1123 2251 Α
1134 2220 1158 2251 S
1171 2230 1257 2252 corr.
1272 2231 1280 2251 t
1303 2220 1405 2252 οἰκίαν
1419 2217 1457 2249 S¹
1469 2218 1558 2258 vulg.

235 2271 274 2290 21
300 2262 397 2303 Αἰσίῳ
414 2263 531 2295 Wolf:
547 2264 681 2304 Ἀφόβῳ
700 2265 797 2297 codd.
876 2264 935 2302 μὲν
951 2275 1016 2295 om.
1035 2264 1066 2294 A
1157 2275 1198 2294 22
1224 2265 1317 2297 αὐτὸς
1334 2274 1397 2294 om.
1423 2262 1563 2293 Photius

238 2305 314 2341 (av,
335 2306 469 2347 λάκκος)
590 2318 631 2345 23
658 2308 834 2348 ἀπαγαγὼν
854 2307 994 2338 Photius
1117 2318 1158 2347 24
1183 2310 1239 2340 οὐκ
1251 2307 1366 2347 αὐτὴν]
1380 2321 1398 2339 κ
1411 2306 1444 2336 in
1456 2316 1520 2337 ras.
1539 2306 1564 2336 S

236 2358 277 2387 25
303 2349 455 2389 ἐξῳκίσθη
475 2350 612 2381 Photius
720 2362 760 2390 27
784 2351 943 2390 μισήσετε
961 2351 985 2382 S
1079 2365 1250 2383 επιεικειαν
1267 2352 1322 2389 (αν
1337 2351 1436 2389 Sscr.)
1456 2350 1500 2380 S:
1526 2350 1565 2381 ἂν

237 2393 407 2424 ἐπιείκειαν
426 2393 449 2422 F
464 2394 491 2422 D
627 2407 836 2435 καταγνωητε
855 2394 897 2426 S:
924 2396 1147 2436 καταγνώιητε
1167 2394 1224 2425 ΡἾῑ
1251 2398 1440 2435 καταγνῶτε
1458 2393 1489 2423 Α
