1685 2772
703 522 914 564 XXXIII

317 649 478 697 ΠΡΟΣ
528 653 931 695 AHATOTPION
981 653 1364 694 ΠΑΡΑΓΡΑΦΗ

727 782 945 812 ὙΠΟΘΕΣῙΣ.

220 856 265 893 ‘O
285 856 624 906 παραγραφόμενος
650 855 718 905 τὴν
746 856 849 904 δίκην
876 855 950 894 ἴδια
967 854 1038 906 μέν
1061 872 1143 894 τινα
1168 855 1392 906 συμβόλαια
1411 857 1502 906 πρὸς

167 910 449 959 Ἀπατούριον”
432 927 526 960 εχων
546 911 685 958 αφεσιν
706 909 761 948 ἐπ’
782 910 930 951 ἐκείνοις
951 910 1012 949 καὶ
1038 910 1301 962 ἀπαλλαγὴν’
1285 911 1500 959 εποιήσατο,

169 968 231 1004 νῦν
251 964 280 1003 δ’
299 965 391 1013 ὑπὲρ
412 964 673 1013 Παρμένοντος
694 967 926 1034 ἐγκαλεῖται
934 965 993 1003 καὶ
1013 967 1219 1002 ἀπαιτεῖται
1237 966 1423 1016 χρήματα.
1482 968 1502 1004 ὁ

167 1022 240 1072 γὰρ
261 1019 465 1069 Παρμένων
496 1019 654 1068 πολίτης
687 1021 755 1068 μὲν
788 1037 832 1068 ην
863 1022 928 1057 τοῦ
962 1019 1124 1069 ἐμπόρου
1156 1022 1222 1058 τοῦ
1256 1019 1502 1069 Απατουριου

170 1075 378 1121 Βυζάντιος,
409 1073 534 1124 φυγὴν
563 1072 592 1110 δ’
622 1076 660 1110 ἐκ
689 1075 755 1122 τῆς
783 1074 957 1123 πατρίδος
985 1074 1279 1113 κατεδεδίκαστο.
1338 1074 1442 1125 φίλῳ
1463 1074 1501 1112 δὲ

170 1128 248 1166 κατ’
274 1130 389 1179 ἀρχὰς
414 1132 463 1179 τῷ
495 1128 725 1179 Ἀπατουρίῳ
753 1128 950 1178 χρώμενος,
977 1129 1130 1178 ὕστερον
1159 1128 1424 1177 προσκρούσας
1453 1131 1502 1169 εἷς

168 1184 269 1223 δίκας
287 1183 392 1232 ἦλθε,
417 1183 476 1220 καὶ
504 1183 627 1220 ἐδίωκε
654 1182 718 1220 τὸν
745 1181 990 1232 Ἀπατούριον
1016 1185 1173 1233 πληγῶν
1192 1200 1231 1221 τε
1252 1183 1311 1220 καὶ
1330 1183 1499 1232 βλάβης,

169 1240 333 1278 κάκεῖνος
371 1238 473 1278 αὖθις
509 1241 558 1289 τῷ
598 1237 832 1286 Παρμένοντι
871 1237 974 1286 δίκην
1012 1238 1224 1288 ἀντέλαχεν.
1281 1239 1300 1275 ὁ
1337 1239 1406 1286 μὲν
1439 1237 1502 1276 οὖν

168 1293 413 1342 Ἀπατούριος
435 1293 486 1330 ἑνὶ
506 1293 674 1343 διαιτητῇ
693 1292 735 1329 τὸ
756 1289 896 1343 πρᾶγμ’
919 1292 1164 1341 ἐπιτραπῆναί
1187 1295 1307 1340 φησιν
1327 1292 1499 1341 Ἀριστο-

169 1350 253 1385 κλεῖ
280 1349 444 1385 κάκεῖνον
472 1350 701 1399 καταγνῶναι
724 1348 789 1384 τοῦ
816 1346 1088 1396 Παρμένοντος·
1128 1346 1254 1395 διόπερ
1283 1347 1342 1384 ἐπὶ
1371 1348 1501 1385 τοῦτον

168 1402 247 1451 ἤκει
271 1402 337 1440 τὸν
362 1404 425 1440 νῦν
450 1402 790 1454 παραγραφόμενον
815 1401 882 1449 τὴν
903 1400 1017 1450 δίκην,
1047 1401 1229 1452 ἐγγυητὴν
1253 1403 1318 1438 τοῦ
1349 1401 1500 1450 Παρμέ-

170 1473 294 1496 νοντος
314 1457 538 1508 γεγενῆσθαι
565 1458 733 1505 φάσκων.
792 1457 811 1493 ὃ
838 1454 868 1493 δ’
895 1455 999 1493 οὐδὲν
1022 1456 1159 1493 τούτων
1185 1457 1375 1507 ὁμολογεῖ,
1397 1457 1501 1493 ἀλλὰ

169 1514 314 1560 πρῶτον
331 1512 400 1560 μέν
427 1515 526 1560 φησι
554 1512 676 1560 τρισὶν
695 1511 825 1550 αὖτοὺς
845 1511 1037 1561 ἐπιτρέψαι
1057 1510 1267 1559 διαιτηταῖς,
1290 1512 1359 1561 οὐχ
1381 1511 1431 1548 ἑνὶ
1450 1514 1500 1562 τῷ

171 1567 418 1614 Ἀριστοκλεῖ,
442 1564 551 1603 ἔπειτ’
572 1566 755 1617 ἐγγυητὴν
775 1568 839 1604 τοῦ
860 1567 1120 1616 Παρμένοντος
1146 1569 1184 1603 ἐν
1201 1567 1281 1605 ταῖς
1300 1565 1501 1615 συνθήκαις

163 1619 378 1670 ”Αρχιππον
415 1622 616 1671 γραφῆναι,
657 1621 823 1661 κάκείνας
863 1619 893 1658 δ’
933 1622 1186 1669 ἀφανισθῆναι
1217 1622 1282 1660 τὰς
1315 1620 1501 1670 συνθήκας

171 1675 370 1726 κακουργίᾳ
406 1677 472 1712 τοῦ
511 1674 766 1725 Ἀπατουρίου,
808 1676 1006 1716 πείσαντος
1044 1677 1108 1713 τὸν
1148 1675 1397 1724 Ἀριστοκλέα
1437 1676 1502 1712 τὸν

19 1722 140 1777 [892]
171 1728 288 1779 ἔχοντ’
314 1729 426 1769 αὐτὰς
451 1729 503 1779 μὴ
533 1731 694 1779 κομίζειν
720 1733 769 1770 εἷς
798 1731 926 1780 μέσον,
948 1732 1049 1767 ἀλλὰ
1075 1730 1198 1780 λέγειν
1219 1731 1264 1769 ὡς
1285 1729 1502 1767 ἀπολώλεκε

120 1794 139 1827 3
169 1785 211 1821 τὸ
248 1786 502 1835 γραμματεῖον
540 1785 724 1823 καθεύδων
758 1786 778 1822 ὃ
812 1786 907 1824 παῖς·
939 1786 1062 1834 ἑτέρας
1095 1784 1128 1821 δ’
1160 1785 1279 1821 οὐκέτι
1311 1785 1502 1835 γραφῆναι

170 1838 366 1887 συνθήκας,
389 1838 462 1875 οὐδ’
485 1841 726 1888 ἐπιτραπῆναι
753 1840 796 1877 τὸ
822 1842 978 1890 πρᾶγμα
1002 1839 1131 1888 διαίτῃ,
1153 1840 1218 1887 τῆς
1237 1839 1304 1887 μὲν
1324 1839 1503 1887 πρότερον

170 1892 424 1942 ἀναιρεθείσης
461 1897 508 1943 τῇ
548 1898 619 1932 τῶν
659 1893 852 1942 συνθηκῶν
891 1894 1068 1944 ἀπωλείᾳ,
1111 1893 1278 1942 δευτέρας
1316 1892 1345 1930 δ’
1383 1893 1503 1930 οὐκέτι

169 1947 434 1997 συμβαθείσης
461 1950 595 1988 αὐτοῖς·
626 1949 689 1986 τὸν
717 1947 746 1986 δ’
766 1948 1013 1995 Ἀριστοκλέα
1038 1948 1139 1996 παρὰ
1164 1948 1283 1985 πάντα
1309 1948 1355 1985 τὰ
1381 1946 1502 1985 δίκαια

170 2003 263 2039 κατὰ
291 2004 356 2040 τοῦ
386 2003 645 2051 Παρμένοντος
673 2002 941 2052 ἀποφήνασθαι
967 2000 1083 2040 οὐκέτ
1111 2002 1198 2039 ὄντα
1221 2001 1418 2051 διαιτητήν,
1443 2001 1503 2039 καὶ

169 2056 269 2094 ταῦτ’
292 2056 569 2105 ἀποδημουντός
589 2074 628 2094 τε
647 2060 712 2095 τοῦ
729 2057 990 2106 Παρμένοντος
1005 2057 1097 2094 κατὰ
1112 2057 1313 2105 συμφοραν
1331 2056 1503 2108 μεγάλην

171 2111 230 2147 καὶ
252 2112 548 2162 ἀπηγορευκότος
575 2113 671 2162 αὐτῷ
698 2112 750 2161 μὴ
778 2111 929 2149 διαιτᾶν.
985 2111 1102 2149 ταῦτά
1127 2127 1149 2148 τ
1184 2110 1247 2148 οὖν
1267 2112 1287 2148 ὃ
1312 2110 1379 2158 τὴν
1399 2110 1502 2158 δίκην

171 2164 317 2216 φεύγων
355 2166 582 2214 προτείνεται
620 2166 666 2203 τὰ
704 2165 825 2203 δίκαια
863 2165 923 2202 καὶ
955 2165 1241 2216 παραγράφεται
1270 2165 1334 2202 τὸν
1364 2166 1501 2216 ἀγῶνα,

171 2219 292 2270 λέγων
326 2221 386 2258 ἐπὶ
419 2221 487 2268 μὲν
520 2222 596 2259 τοῖς
628 2221 839 2270 γενομένοις
877 2221 974 2270 αὑτῷ
1006 2220 1098 2268 πρὸς
1131 2218 1378 2267 Ἀπατούριον
1411 2235 1502 2268 συμ-

170 2274 345 2322 βολαίοις
384 2276 522 2322 ἄφεσιν
559 2275 729 2322 ὑπάρξαι,
771 2275 926 2323 ὕστερον
969 2273 998 2311 δ’
1037 2273 1140 2310 οὐδὲν
1185 2274 1236 2310 ἔτι
1277 2272 1502 2324 γεγενῆσθαι

219 2387 230 2406 1
258 2379 322 2408 ἴδια
339 2376 364 2406 F
377 2376 405 2405 D
425 2376 615 2415 (Voemel):
641 2377 704 2418 ἰδίᾳ
721 2376 795 2407 edd.
817 2376 968 2416 plerique
1115 2387 1135 2414 9
1154 2376 1198 2407 ἑνὶ
1211 2374 1328 2405 Wolf:
1353 2378 1387 2407 ἐν
1404 2376 1498 2407 codd.

177 2431 214 2458 19
239 2421 342 2462 διαίτῃ
361 2422 418 2458 τῆς
438 2419 594 2450 Bekker:
619 2421 786 2458 διαιτητὴς
808 2419 857 2449 D:
884 2422 1032 2462 διαιτητῇ
1050 2422 1108 2458 τῆς
1128 2418 1153 2448 F

1523 1090 1539 1121 5
1579 1082 1581 1084 ,

1526 1362 1562 1384 10

1524 1634 1561 1667 Ι5

1524 1903 1564 1926 20

1523 2176 1605 2209 25’
