1685 2772
83 94 198 149 [927]

80 1140 198 1250 [9223

160 1601 201 1635 16

160 2008 199 2040 17

645 101 1166 156 [ΔΗΜΟΣΘΕΝΟΎΣ]
1439 102 1569 157 [xxxv

786 242 1015 269 MAPT'rPIAI.

290 315 555 367 Ἀρχενομίδης
574 314 873 367 Ἀρχεδάμαντος
892 313 1164 367 Ἀναγυράσιος
1183 318 1362 365 μαρτυρεῖ
1384 316 1571 366 συνθήκας

234 371 319 419 παρ’
361 373 474 421 ἑαυτῷ
519 370 745 409 καταθέσθαι
787 368 1014 419 Ἀνδροκλέα
1055 370 1257 419 Σφήττιον,
1304 372 1571 420 Ναυσικράτην

235 426 460 474 Καρύστιον,
484 424 708 475 Ἀρτέμωνα,
730 424 1022 474 Ἀπολλόδωρον
1040 425 1270 474 Φασηλίτας,
1295 425 1354 462 καὶ
1375 425 1465 464 εἶναι
1484 425 1570 475 παρ’

234 482 349 530 ἑαυτῷ
369 481 422 518 ἔτι
443 480 611 528 κειμένην
630 479 697 527 τὴν
717 479 956 530 συγγραφήν.
1590 490 1607 522 5

302 589 405 642 Λέγε
430 589 476 640 δὴ
503 589 566 630 καὶ
590 589 662 640 τὴν
686 593 765 630 τῶν
790 605 1122 641 παραγενομενων
1145 590 1373 641 μαρτυρίαν.

798 720 1010 747 ΜΑΡΤὙῬΙΑ.

287 796 466 835 Θεόδοτος
494 795 677 844 ἰσοτελής,
706 797 866 844 Χαρῖνος
886 793 1110 845 Ἐπιχάρους
1136 795 1370 841 Λευκονοεύς,
1400 796 1571 845 Φορμίων

235 853 507 900 Κτησιφῶντος
549 850 752 899 Πειραιεύς,
799 848 1068 915 Κηφισόδοτος
1112 849 1297 894 Βοιώτιος,
1345 850 1571 915 H'Mdssmpoc

234 906 370 945 Πιθεὺς
388 921 618 955 μαρτυρουσι
643 905 823 953 παρεῖναι,
846 903 898 941 ὅτ’
925 903 1110 941 ἐδάνεισεν
1136 903 1364 954 Ἀνδροκλῆς
1383 903 1569 943 Ἀπολλο-
1593 922 1631 943 10

234 960 334 1012 δώρω
364 960 423 997 καὶ
451 958 652 1008 Ἀρτέμωνι
681 958 856 1010 ἀργυριου
889 958 1102 1009 τρισχιλίας
1135 958 1314 1010 δραχμάς,
1346 959 1405 996 καὶ
1439 959 1570 997 εἰδέναι

232 1015 300 1064 τὴν
319 1013 546 1065 συγγραφὴν
567 1014 834 1063 καταθεμένους
853 1014 955 1062 παρὰ
975 1013 1221 1063 Ἀρχενομίδῃ
1241 1012 1512 1066 Ἀναγυρασίῳ.

302 1126 412 1165 Κατὰ
437 1124 507 1174 τὴν
529 1123 767 1176 συγγραφὴν
788 1123 945 1173 ταύτην,
965 1122 994 1163 ὦ
1015 1122 1151 1175 ἄνδρες
1169 1125 1363 1170 δικασταί,
1383 1124 1570 1165 ἐδάνεισα

232 1194 279 1232 τὰ
305 1190 488 1245 χρήματα
512 1190 732 1243 Ἀρτέμωνι
751 1195 804 1245 τῷ
824 1190 962 1230 τούτου
981 1191 1158 1244 ἀδελφῷ,
1181 1190 1413 1232 κελεύοντος
1431 1191 1569 1232 τούτου

235 1259 297 1299 καὶ
326 1257 619 1311 ἀναδεχομένου
648 1256 804 1298 ἅπαντα
831 1257 1003 1297 ἔσεσθαί
1026 1273 1093 1307 μοι
1122 1258 1171 1296 τὰ
1202 1258 1331 1298 δίκαια
1365 1259 1462 1297 κατὰ
1494 1258 1565 1308 τὴν
1592 1278 1629 1310 15

234 1324 486 1378 συγγραφήν,
515 1324 598 1364 καθ’
631 1323 679 1374 ἢν
714 1323 899 1364 ἐδάνεισα
931 1324 1069 1364 τούτου
1103 1323 1220 1363 αὐτοῦ
1249 1324 1474 1376 γράφοντος
1506 1326 1569 1366 καὶ

234 1391 609 1443 συσσημηναμένου,
637 1391 770 1441 ἐπειδὴ
808 1389 979 1443 ἐγράφη.
1040 1391 1076 1431 οἱ
1108 1392 1181 1441 μὲν
1217 1392 1293 1443 γὰρ
1330 1391 1500 1444 ἀδελφοὶ
1532 1394 1568 1433 οῖ

232 1460 372 1500 τούτου
419 1459 478 1500 ἔτι
524 1459 707 1510 νεώτεροι
755 1457 871 1508 ἦσαν,
921 1457 1103 1510 μειράκια
1150 1461 1301 1515 κομιδῇ,
1345 1459 1484 1499 οὑτοσὶ
1526 1461 1568 1500 δὲ

231 1526 424 1579 Λάκριτος
465 1526 710 1576 Φασηλίτης,
748 1524 851 1577 μέγα
887 1528 1060 1577 πρᾶγμα,
1092 1524 1342 1576 Ἰσοκράτους
1376 1524 1565 1576 μαθητής·

232 1594 345 1636 οὗτος
371 1593 418 1645 ἧν
443 1594 464 1633 ὁ
489 1592 618 1634 πάντα
643 1595 812 1638 διοικῶν,
843 1592 904 1631 καὶ
930 1594 1052 1646 ἑαυτῷ
1072 1609 1120 1643 με
1145 1592 1213 1632 τὸν
1238 1596 1331 1633 νοῦν
1349 1592 1566 1647 προσέχειν
1589 1610 1628 1632 20

232 1660 426 1701 ἐκέλευεν·
464 1659 580 1702 αὐτὸς
605 1661 680 1712 γὰρ
706 1660 784 1712 ἔφη
811 1658 995 1709 ποιήσειν
1020 1676 1087 1710 μοι
1112 1661 1160 1699 τὰ
1179 1661 1309 1700 δίκαια
1328 1659 1484 1700 ἅπαντα
1505 1661 1566 1701 καὶ

232 1726 491 1779 ἐπιδημήσειν
522 1726 753 1777 Ἀθήνησιν,
785 1725 853 1766 τὸν
885 1728 926 1767 δὲ
955 1727 1132 1778 ἀδελφὸν
1164 1726 1233 1766 τὸν
1263 1729 1401 1767 ἑαυτοῦ
1430 1726 1565 1779 Ἀρτέ-

231 1812 343 1845 μωνα
384 1794 633 1835 πλεύσεσθαι
676 1795 739 1834 ἐπὶ
780 1798 862 1835 τοῖς
899 1793 1113 1847 χρήμασιν.
1186 1794 1248 1833 καὶ
1284 1795 1374 1834 τότε
1409 1792 1494 1845 μέν,
1535 1792 1565 1834 ὦ

231 1862 369 1914 ἄνδρες
409 1863 605 1907 δικασταί,
649 1861 705 1900 ὅτ’
749 1862 941 1912 ἐβούλετο
982 1863 1030 1900 τὰ
1068 1860 1250 1914 χρήματα
1291 1865 1436 1911 λαβεῖν
1474 1860 1564 1912 παρ’

231 1929 352 1980 ἡμῶν,
381 1930 443 1969 καὶ
470 1929 645 1981 ἀδελφὸς
671 1928 749 1981 ἔφη
776 1929 876 1969 εἶναι
905 1928 966 1968 καὶ
997 1928 1182 1970 κοινωνὸς
1210 1931 1278 1968 τοῦ
1303 1927 1561 1979 Ἀρτέμωνος,
1586 1950 1624 1980 25

234 1996 296 2036 καὶ
335 1996 480 2048 λόγους
529 1997 756 2046 θαυμασίως
804 1995 855 2037 ὡς
902 1995 1089 2037 πιθανοὺς
1136 1995 1288 2047 ἔλεγεν·
1340 1994 1473 2045 ἐπειδὴ
1521 1997 1564 2035 δὲ

232 2062 406 2116 τάχιστα
432 2064 632 2115 ἐγκρατεῖς
659 2062 844 2114 ἐγένοντο
869 2066 937 2102 τοῦ
962 2064 1158 2114 ἀργυρίου,
1186 2066 1301 2102 τοῦτο
1325 2063 1397 2112 μὲν
1423 2062 1559 2102 διενεί-

280 2183 293 2203 1
320 2178 521 2205 ΜΑΡΤΥΡΙΑ
539 2172 677 2210 Reiske,
698 2173 758 2203 sed
778 2172 819 2203 ef.
841 2172 975 2211 Drerup
992 2171 1078 2203 Urk.
1099 2182 1130 2211 p.
1150 2181 1211 2211 317
1314 2181 1333 2210 3
1358 2171 1428 2212 παρ’
1447 2173 1561 2203 ἑαυτὸν
1605 2176 1607 2179 ’

233 2216 299 2255 FQ
316 2217 345 2247 D
519 2227 540 2255 9
564 2219 793 2255 Κτησιφῶντος
813 2215 984 2246 Kirchner
1005 2215 1079 2246 coll.
1103 2215 1141 2246 C.
1156 2214 1180 2246 Ι.
1196 2214 1236 2246 A.
1257 2215 1279 2245 ii
1296 2225 1324 2245 2.
1343 2215 1408 2253 804
1427 2226 1433 2245 :
1458 2220 1559 2256 Κηφι-

234 2264 400 2301 σοφῶντος
416 2260 513 2291 codd.
622 2270 710 2300 9—10
736 2259 925 2300 Ἡλιόδωρος
946 2260 1057 2291 Πιθεὺς
1074 2269 1138 2290 om.
1160 2258 1228 2297 FQ
1242 2258 1271 2288 D
1377 2268 1413 2295 17
1441 2271 1558 2297 συνση-

233 2304 411 2343 μηναμένου
431 2304 454 2334 S
654 2305 692 2333 18
718 2304 765 2335 ἔτι
782 2313 844 2333 om.
863 2303 894 2333 A
1034 2302 1181 2343 μειράκια
1197 2301 1326 2344 κομιδῇ]
1344 2302 1395 2333 καὶ
1413 2301 1559 2343 μειράκια

233 2348 437 2380 παντάπασιν
455 2347 478 2377 S
490 2347 519 2377 A
607 2358 649 2377 20
672 2347 727 2387 με]
745 2346 806 2386 μὲν
823 2345 860 2377 S¹
954 2345 1127 2387 προσέχειν
1143 2347 1201 2378 τὸν
1217 2348 1292 2379 νοῦν
1307 2344 1339 2375 Α
1437 2355 1477 2375 22
1501 2347 1558 2377 τὸν

234 2393 330 2424 αὑτοῦ
349 2392 436 2431 vulg.
456 2403 462 2422 z
489 2393 602 2423 ἑαυτοῦ
620 2391 643 2421 S
776 2401 817 2429 23
842 2393 1053 2422 πλευσεῖσθαι
1071 2390 1168 2420 codd.
1302 2390 1342 2419 26
1367 2391 1406 2422 ὡς
1428 2389 1450 2419 S
1468 2389 1559 2420 solus
