1685 2772
139 93 285 148 xxxw]
502 98 667 135 ΥΠΕΡ
715 95 1094 135 ΦΟΡΜΙΩΝΟΣ

140 207 265 250 λε’σας
295 209 479 261 ἀργυρίου
503 209 681 262 δραχμὰς
706 206 802 259 πρὸς
833 207 893 248 αἶς
918 207 1063 247 ἔδωκεν
1092 207 1219 257 ἐκείνη
1244 205 1464 258 δισχιλίαις

136 280 219 317 τοῖς
243 275 381 315 τούτου
407 276 590 322 παιδίοις,
618 274 680 314 καὶ
713 274 957 326 χιτωνίσκον
989 274 1077 313 τινὰ
1114 273 1177 313 καὶ
1207 271 1461 324 θεράπαιναν,

137 340 414 394 ἐσυκοφάντει.
487 341 549 381 καὶ
574 340 652 381 οὐδ’
679 342 846 381 ἐνταῦθα
863 339 1013 380 τούτων
1038 339 1150 380 οὐδὲν
1175 340 1229 379 ὧν
1254 342 1321 379 νῦν
1347 340 1461 391 ἐγκα-

136 413 204 450 λεῖ
235 407 367 460 λέγων
406 406 643 461 φανήσεται.
714 405 935 459 ἐπιτρέψας
974 409 1016 447 δὲ
1052 410 1104 460 τῷ
1141 423 1184 446 τε
1220 408 1289 455 τῆς
1327 408 1465 446 ἑαυτοῦ

98 494 116 526 5
136 474 321 528 γυναικὸς
345 475 462 528 πατρὶ
487 475 550 515 καὶ
573 479 626 529 τῷ
648 477 900 531 συγκηδεστῇ
918 477 972 528 τῷ
990 474 1108 513 αὑτοῦ
1134 474 1196 513 καὶ
1216 473 1375 527 Λυσίνῳ
1403 473 1465 513 καὶ

137 541 400 594 Ἀνδρομένει,
439 540 664 583 πεισάντων
704 541 854 581 τούτων
892 542 1106 593 Φορμίωνα
1144 539 1298 580 τουτονὶ
1334 542 1467 580 δοῦναι

137 611 285 661 δωρεὰν
323 610 394 651 τὰς
425 609 653 662 τρισχιλίας
682 608 746 648 καὶ
778 607 822 648 τὸ
855 608 1022 660 προσόν,
1056 607 1119 648 καὶ
1150 608 1274 659 φίλον
1309 609 1467 657 μᾶλλον

137 676 245 730 ἔχειν
283 679 421 716 τοῦτον
456 672 479 725 ἢ
517 677 581 715 διὰ
614 674 720 716 ταῦτ’
760 674 903 729 ἐχθρὸν
939 674 1058 715 αὐτὸν
1094 673 1208 720 εἶναι,
1245 674 1386 724 λαβὼν
1423 673 1466 713 τὸ

139 743 300 794 σύμπαν
323 743 665 796 πεντακισχιλίας,
688 742 752 783 καὶ
775 741 936 783 πάντων
960 741 1079 794 ἀφεὶς
1102 745 1181 782 τῶν
1206 740 1466 793 ἐγκλημάτων

79 826 118 850 10
137 810 182 850 τὸ
218 810 400 862 δεύτερον
436 811 490 852 εἷς
526 809 572 850 τὸ
608 809 713 861 ἱερὸν
747 811 817 860 τῆς
853 808 1026 859 Ἀθηνᾶς
1063 808 1201 856 ἐλθών,
1241 807 1374 854 πάλιν,
1415 808 1465 849 ὡς

138 878 264 929 ὁρᾶτε,
304 876 511 927 δικάζεται,
548 875 680 918 πάσας
715 876 842 918 αἰτίας
872 875 1115 927 συμπλάσας
1153 875 1215 915 καὶ
1252 873 1465 927 ἐγκλήματ’

138 946 182 984 ἐκ
219 943 366 986 παντὸς
403 947 472 984 τοῦ
509 944 654 997 χρόνου
691 947 759 984 τοῦ
794 943 869 995 πρὸ
905 943 1046 983 τούτου
1078 941 1208 993 (τοῦτο
1243 941 1320 995 γάρ
1355 942 1467 982 ἐστιν

136 1010 330 1063 μέγιστον
368 1009 579 1061 ἁπάντων),
622 1011 648 1052 ἃ
688 1009 929 1051 οὐδεπώποτ’
967 1009 1175 1065 ᾐτιάσατο.
1246 1009 1299 1051 ὣς
1336 1010 1468 1050 τοίνυν

138 1077 243 1119 ταῦτ’
270 1078 398 1129 ἀληθῆ
424 1077 544 1130 λέγω,
570 1077 678 1129 λαβέ
709 1094 775 1129 μοι
798 1077 869 1127 τὴν
900 1080 1050 1130 γνῶσιν
1075 1076 1147 1127 τὴν
1170 1075 1388 1129 γενομένην
1425 1078 1468 1117 ἐν

80 1159 117 1191 15
139 1145 365 1197 ἀκροπόλει,
393 1144 456 1185 καὶ
479 1144 550 1195 τὴν
574 1145 788 1196 μαρτυρίαν
805 1147 884 1184 τῶν
909 1143 1254 1196 παραγενομένων,
1277 1142 1332 1182 ὅτ’
1357 1143 1469 1196 ἀφίει

138 1216 217 1253 τῶν
241 1211 501 1264 ἐγκλημάτων
526 1211 711 1252 ἁπάντων
744 1211 1066 1263 Ἀπολλόδωρος,
1098 1209 1320 1262 λαμβάνων
1352 1213 1467 1250 τοῦτο

138 1279 183 1320 τὸ
207 1279 404 1331 ἀργύριον.

596 1428 752 1457 ΓΝΩΣῘΣ.
804 1428 1012 1456 ΜΑΡΤΎΡῙΑ.

206 1511 391 1551 Ἀκούετε
417 1512 485 1560 τῆς
505 1509 704 1561 γνώσεως,
722 1508 860 1560 ἄνδρες
887 1508 1081 1554 δικασταί,
1103 1506 1151 1557 ἣν
1168 1508 1269 1560 ἔγνω
1292 1509 1464 1554 Δεινίας,

83 1597 122 1618 20
140 1578 184 1619 οὗ
209 1578 280 1628 τὴν
305 1576 484 1629 θυγατέρ’
510 1576 624 1617 οὗτος
657 1576 754 1629 ἔχει,
783 1576 847 1616 καὶ
881 1575 1022 1616 Νικίας
1047 1575 1067 1614 ὁ
1091 1574 1161 1624 τὴν
1194 1574 1375 1626 ἀδελφὴν
1400 1577 1467 1624 τῆς

140 1645 278 1685 τούτου
316 1643 498 1697 γυναικὸς
545 1642 660 1696 ἔχων.
735 1646 855 1682 ταῦτα
895 1641 1026 1682 τοίνυν
1063 1642 1205 1692 λαβὼν
1248 1642 1310 1681 καὶ
1351 1641 1467 1694 ἀφεὶς

141 1711 327 1753 ἁπάντων
346 1715 422 1751 τῶν
441 1709 712 1763 ἐγκλημάτων,
737 1709 873 1761 ὥσπερ
897 1705 921 1759 ἢ
948 1707 1106 1749 πάντων
1131 1707 1355 1749 τεθνεώτων
1379 1708 1466 1748 τού-

142 1795 221 1819 των
244 1775 268 1828 ἢ
297 1781 366 1828 τῆς
390 1779 578 1828 ἀληθείας
604 1776 649 1817 οὐ
674 1775 945 1830 γενησομένης
972 1778 1160 1828 φανερᾶς,
1188 1776 1299 1825 δίκην
1324 1774 1464 1815 τοσού-

142 1862 221 1887 των
239 1844 444 1886 ταλάντων
468 1845 606 1898 λαχὼν
630 1850 757 1899 τολμᾷ
782 1842 1019 1893 δικάζεσθαι.

85 1927 122 1959 25
209 1914 270 1952 T&
316 1915 388 1964 μὲν
435 1912 503 1952 οὖν
554 1910 811 1964 πεπραγμένα
865 1910 927 1950 καὶ
974 1908 1218 1962 γεγενημένα
1266 1909 1466 1960 Φορμίωνι

142 1979 239 2032 πρὸς
274 1978 582 2031 Ἀπολλόδωρον
610 1978 658 2029 ἐξ
690 1979 815 2031 ἀρχῆς
851 1975 990 2017 ἅπαντ’
1028 1976 1225 2026 ἀκηκόατ’,
1263 1973 1293 2015 ὦ
1328 1974 1466 2026 ἄνδρες

143 2046 360 2097 Ἀθηναῖοι.
430 2045 537 2097 οἶμαι
573 2044 604 2086 δ’
642 2044 950 2096 Ἀπολλόδωρον
983 2043 1149 2089 τουτονί,
1177 2043 1290 2083 οὐδὲν
1323 2042 1466 2094 ἔχοντα

145 2114 295 2154 δίκαιον
334 2114 457 2153 εἰπεῖν
498 2112 587 2164 περὶ
625 2112 680 2152 ὧν
713 2112 885 2164 ἐγκαλεῖ,
929 2109 1028 2162 ἅπερ
1059 2111 1164 2162 παρὰ
1200 2113 1252 2164 τῷ
1290 2112 1466 2164 διαιτητῇ

144 2179 279 2233 λέγειν
299 2181 460 2231 ἐτόλμα,
478 2178 584 2219 ταῦτ’
602 2179 718 2230 ἐρεῖν,
742 2178 792 2219 ὡς
815 2179 864 2217 τὰ
889 2176 1084 2229 γράμμαθ’
1104 2177 1127 2227 ἡ
1152 2175 1279 2228 μήτηρ
1299 2174 1467 2228 ἠφάνικε

193 2301 207 2321 Ι
234 2290 398 2331 δισχιλίας
416 2288 440 2320 S
594 2297 613 2327 5
638 2289 840 2329 συνκηδεστῇ
858 2286 882 2317 S
1038 2297 1055 2325 7
1080 2285 1264 2327 τρισχιλίας
1281 2286 1423 2325 δραχμὰς
1439 2284 1468 2315 Α

146 2334 167 2363 8
192 2335 289 2366 αὐτὸν
314 2334 392 2365 εἶναι
417 2331 483 2364 SA
510 2332 579 2371 (me
608 2331 735 2371 teste):
768 2331 846 2362 εἶναι
873 2329 961 2369 vulg.
1141 2338 1179 2367 15
1215 2330 1301 2368 ἠφίει
1330 2328 1354 2358 F
1381 2338 1465 2358 corr.

151 2387 190 2417 19
213 2378 322 2418 ἄνδρες
339 2376 364 2407 S
381 2387 389 2407 t
412 2376 435 2407 ὦ
453 2377 562 2417 ἄνδρες
580 2374 669 2414 vulg.
804 2384 846 2413 29
871 2372 1033 2412 ἐτόλμησε
1050 2371 1081 2403 Α
1170 2370 1262 2403 ταῦτ’
1279 2372 1412 2411 ἠφάνικε
1432 2372 1456 2402 S

215 2443 304 2465 unm
1365 2428 1385 2461 9

1501 83 1625 138 [949]

1498 357 1537 393 15

1500 814 1541 850 16

1502 1527 1540 1561 17

1502 1916 1543 1950 18

1499 2041 1622 2096 [950]
