1685 2772
113 134 265 189 xxvm]
514 135 645 176 KAT'
693 138 946 177 ΑΦΟΒΟΎ
993 139 1024 177 Β
1473 136 1583 191 [837]

111 247 180 289 τὸν
205 248 312 288 οἶκον
336 246 416 288 οὐδ’
442 248 599 300 ἐμφανῆ
624 248 672 287 τὰ
695 246 877 300 χρήματα
896 251 1024 287 ποιεῖν
1050 247 1070 286 ὁ
1095 246 1234 300 πατήρ.
1273 248 1440 300 πότερον

113 316 219 366 ἐμοί,·
270 311 293 365 ἢ
330 319 377 371 τῇ
419 315 553 362 πόλει,·
593 314 787 366 φαίνεσθε
825 315 900 366 γὰρ
936 313 1165 354 τούναντίον
1203 315 1331 370 ἐκείνῃ
1367 317 1440 365 μὲν

112 383 266 435 φανερὰ
290 380 541 432 ποιήσαντες,
562 382 648 432 ἐμοὶ
673 383 715 422 δὲ
734 380 988 422 παντάπασιν
1008 381 1142 433 ἀφανῆ
1167 382 1437 431 πεποιηκότες,

112 449 175 490 καὶ
208 448 297 490 οὐδὲ
326 447 431 489 ταῦτ’
457 449 748 502 ἀποφαίνοντες
785 445 833 498 ἐξ
862 449 918 488 ὧν
954 446 1215 499 τιμησάμενοι
1251 449 1320 489 τὰς
1354 450 1435 489 εἷσ-

74 533 90 564 5
111 517 239 569 φορὰς
265 515 506 568 εἰσεφέρετε.
567 514 719 566 δείξατε
743 516 818 568 γὰρ
843 515 989 565 ταύτην
1024 514 1097 565 τὴν
1128 515 1282 561 οὐσίαν,
1309 516 1367 557 τίς
1391 514 1438 565 ἦν
1473 515 1593 570 [838]

113 582 175 623 καὶ
200 586 274 623 ποῦ
299 582 490 634 παρέδοτέ
513 599 579 634 μοι
606 583 667 622 καὶ
697 582 803 624 τίνος
839 582 1032 623 ἐναντίον.
1101 582 1150 621 τὰ
1174 584 1247 633 μὲν
1271 582 1346 634 γὰρ
1372 582 1438 621 δύο
1471 589 1490 622 8

110 648 287 690 τάλαντα
312 650 375 690 καὶ
399 652 466 690 τὰς
492 648 735 702 ὀγδοήκοντα
758 651 857 700 μνᾶς
877 649 953 690 ἀπὸ
972 652 1050 689 τῶν
1069 647 1265 701 τεττάρων
1289 648 1435 689 ταλάν-

110 733 189 757 των
219 717 282 757 καὶ
314 718 549 770 τρισχιλίων
579 716 762 768 ἐλάβετε,
801 715 897 756 ὥστ’
922 715 1011 756 οὐδὲ
1047 715 1189 757 ταύτας
1218 717 1316 768 ὑπὲρ
1346 717 1439 767 ἐμοῦ

111 784 165 826 εἷς
188 783 232 824 τὸ
258 785 449 835 δημόσιον
475 782 733 835 ἐτιμήσασθε·
770 783 953 835 ὑμέτεραι
978 784 1054 835 γὰρ
1078 781 1184 832 ἦσαν
1207 783 1251 823 ἐν
1277 783 1439 824 ἐκείνοις

54 869 92 890 10
109 854 192 893 τοῖς
214 851 388 904 χρόνοις.
459 852 566 892 ἀλλὰ
588 850 666 902 μὴν
691 850 734 890 ἔκ
757 867 804 903 γε
822 853 891 901 τῆς
910 851 1035 892 οἰκίας
1056 850 1119 890 καὶ
1139 853 1216 890 τῶν
1239 849 1439 902 τεττάρων

111 918 173 958 καὶ
206 917 283 958 δέκ’
311 919 565 970 ἀνδραπόδων
591 919 653 958 καὶ
686 921 764 958 τῶν
789 917 1000 970 τριάκοντα
1029 920 1149 968 μνῶν,
1177 916 1201 956 ἅ
1227 933 1294 969 μοι
1320 934 1436 968 παρε-

111 985 273 1031 δώκατε,
298 984 370 1035 τὴν
397 987 592 1037 εἰσφορὰν
619 985 693 1038 οὐχ
719 985 803 1025 οἶόν
825 1001 869 1025 τε
901 983 1091 1037 γενέσθαι
1115 984 1314 1035 τοσαύτην
1339 985 1440 1034 ὅσην

108 1053 218 1102 ὑμεῖς
257 1050 529 1102 συνετάξασθε
566 1051 664 1104 πρὸς
710 1051 780 1102 τὴν
823 1052 1060 1104 συμμορίαν.
1153 1050 1246 1091 ἀλλ’
1287 1050 1437 1104 ἀνάγκη
1469 1067 1491 1102 9

108 1117 263 1170 μεγάλη
303 1120 351 1158 τὰ
393 1117 721 1172 καταλειφθέντα,
763 1122 904 1173 πολλῷ
942 1116 1093 1159 πλείον’
1134 1119 1230 1158 ὅντα
1275 1118 1436 1164 τούτων,

51 1201 87 1232 15
112 1184 228 1226 πάνθ’
260 1186 359 1236 ὑμᾶς
395 1185 504 1239 ἔχειν
544 1186 669 1232 ἐστίν,
708 1185 732 1226 ἃ
769 1189 950 1239 φανερῶς
987 1186 1050 1225 ὅτι
1085 1184 1316 1238 διηρπάκατ’
1352 1184 1434 1236 ἐξε-

110 1253 352 1305 λεγχόμενοι
375 1256 536 1292 τοιαῦτα
560 1251 808 1293 πλάττεσθαι
833 1254 1016 1303 τολμᾶτε.
1084 1253 1147 1292 καὶ
1173 1253 1263 1292 τοτὲ
1286 1254 1359 1303 μὲν
1384 1253 1438 1294 εἷς

111 1318 314 1369 ἀλλήλους
362 1319 594 1372 ἀναφέρετε,
634 1319 757 1360 πάλιν
798 1319 830 1359 δ’
870 1318 1081 1371 εἰληφέναι
1127 1318 1209 1359 κατ’
1248 1318 1439 1369 ἀλλήλων

108 1390 351 1438 μαρτυρεῖτε.
427 1386 655 1439 φάσκοντες
706 1385 739 1427 δ’
787 1385 834 1426 οὐ
880 1388 1015 1426 πολλὰ
1061 1389 1206 1437 λαβεῖν
1251 1385 1440 1438 μεγάλων

109 1452 380 1505 ἀναλωμάτων
422 1454 567 1506 λόγους
608 1453 892 1506 ἀπενηνόχατε.
978 1452 1122 1494 πάντες
1162 1455 1207 1493 δὲ
1249 1458 1358 1509 κοινῇ
1399 1452 1439 1504 μ’
1473 1462 1515 1487 10

51 1533 90 1554 20
110 1520 465 1573 ἐπιτροπεύσαντες
491 1522 568 1574 ἰδίᾳ
600 1522 699 1572 μετὰ
728 1520 836 1561 ταῦθ’
863 1521 1030 1562 ἕκαστος
1054 1522 1302 1573 μηχανᾶσθε.
1376 1520 1438 1560 καὶ

109 1586 181 1637 τὴν
204 1589 278 1638 μὲν
303 1587 490 1638 διαθήκην
521 1587 755 1639 ἠφανίκατε,
784 1587 831 1638 ἐξ
852 1587 898 1638 ἦς
921 1587 970 1638 ἦν
997 1586 1140 1627 εἰδέναι
1165 1587 1253 1639 περὶ
1279 1585 1437 1627 πάντων

108 1653 179 1704 τὴν
216 1653 418 1705 ἀλήθειαν,
451 1654 644 1707 φαίνεσθε
677 1654 710 1695 δ’
741 1654 931 1695 οὐδέποτε
964 1653 1087 1694 ταύτὰ
1123 1654 1210 1706 περὶ
1247 1652 1437 1704 ἀλλήλων

106 1720 305 1774 λέγοντες.

175 1790 291 1840 Λαβὲ
334 1788 380 1840 δὴ
419 1790 490 1831 τὰς
529 1789 741 1841 μαρτυρίας
779 1788 841 1829 καὶ
884 1787 1078 1841 ἀνάγνωθ’
1121 1786 1251 1829 αὐτοῖς
1304 1786 1437 1828 πάσας

51 1872 87 1904 25
112 1853 269 1907 ἐφεξῆς,
307 1856 373 1896 ἵνα
407 1855 651 1907 μνησθέντες
685 1856 747 1896 καὶ
779 1859 856 1895 τῶν
885 1854 1238 1907 μεμαρτυρημένων
1269 1855 1330 1894 καὶ
1359 1858 1437 1895 τῶν

111 1921 324 1973 εἰρημένων
348 1921 636 1974 ἀκριβέστερον
661 1922 986 1974 διαγιγνώσκωσι
1009 1921 1098 1974 περὶ
1123 1921 1262 1961 αὐτῶν.

153 2041 172 2060 2
196 2033 300 2062 ταῦτα
316 2036 391 2070 post
410 2032 476 2066 ἐμοὶ
495 2032 571 2062 add.
589 2031 679 2070 vulg.
697 2041 704 2060 :
730 2035 806 2070 post
822 2031 915 2063 πόλει
934 2042 966 2061 r:
993 2041 1057 2062 om.
1077 2031 1101 2061 S
1226 2032 1289 2072 ’γὰρ
1307 2030 1330 2061 S
1347 2042 1354 2061 τ
1376 2029 1437 2069 μὲν

107 2076 171 2115 ’γὰρ
186 2074 276 2114 vulg.
412 2075 433 2104 8
457 2074 592 2115 ταύτας]
611 2073 698 2106 ταῦθ’
714 2074 746 2103 Α
882 2085 921 2105 10
944 2074 1000 2115 γε]
1018 2088 1056 2106 τε
1075 2073 1141 2105 SA
1278 2074 1316 2103 16
1340 2073 1433 2114 τοτὲ]

108 2117 186 2149 τότε
206 2117 248 2149 S:
276 2116 354 2149 ποτὲ
371 2117 401 2148 Α
573 2127 609 2156 17
635 2118 707 2150 κατ’
719 2119 875 2157 ἀλλήλων
889 2128 955 2149 om.
975 2117 999 2148 S
1018 2118 1051 2148 in
1069 2122 1217 2147 extrema
1237 2117 1372 2156 pagina,
1390 2117 1432 2147 cf.

111 2163 127 2198 §
149 2170 186 2199 14
355 2171 397 2192 20
420 2161 556 2193 ἕκαστος
574 2161 711 2192 Naber:
737 2162 869 2194 ἕκαστοι
887 2163 995 2200 codd.,
1014 2162 1055 2192 cf.
1078 2161 1168 2191 xxvii
1188 2170 1225 2190 12
1394 2170 1435 2190 22

109 2205 277 2244 φαίνεσθαι
296 2203 334 2235 S1
423 2207 525 2237 ταύτὰ
541 2215 605 2236 om.
623 2205 655 2235 A
768 2217 809 2245 24
833 2206 937 2239 πάσας
955 2206 990 2238 ἃς
1009 2206 1033 2235 S
1052 2205 1103 2244 (ἃς
1121 2204 1254 2244 punctis
1270 2205 1433 2243 notatum)

109 2256 149 2286 25
174 2249 223 2280 καὶ
247 2251 313 2280 τῶν
337 2248 507 2289 εἰρημένων
531 2248 564 2287 S,
584 2249 626 2280 cf.
646 2249 730 2281 Isae.
748 2260 770 2280 x
791 2259 850 2288 15:
875 2260 940 2280 om.
961 2248 1050 2287 vulg.
1203 2248 1245 2277 26
1268 2247 1434 2288 διαγιγνώ-

110 2292 312 2364 σκωσιὲἀό.
341 2291 457 2323 Turn:
484 2294 732 2333 διαγινώσκουσι
758 2294 839 2334 (-οσι
865 2303 912 2332 pr.
940 2294 999 2333 m.)
1019 2291 1065 2322 S:
1087 2293 1269 2332 γινώσκωσι
1295 2290 1339 2321 F:
1373 2293 1436 2322 δια-

107 2347 210 2375 Ὑνωσι
