1685 2772
99 118 211 172 [921]

171 250 212 284 47

167 1121 212 1155 49

89 1440 211 1495 [922]

168 1523 214 1558 50

647 122 1172 178 [ΔΗΜΟΣΘΕΝΟΎΣ]
1425 123 1572 178 [ΧΧΧιν

244 240 342 289 ὑμᾶς
379 238 643 290 ψηφίζεσθαι.
705 241 788 280 πῶς
829 237 862 279 δ’
897 238 966 277 οὐκ
1004 237 1054 278 ἂν
1091 239 1149 288 εἴη
1189 237 1351 284 ἄτοπον,
1390 239 1422 278 εἰ
1459 238 1576 278 αὐτοῦ

246 305 477 357 Φορμίωνος
506 306 796 357 ὁμολογοῦντος
826 305 1099 351 δανείσασθαι,
1132 304 1360 357 φάσκοντος
1397 307 1439 345 δὲ
1474 306 1571 345 ἀπο-

245 371 467 421 δεδωκέναι,
499 371 542 411 τὸ
572 374 645 423 μὲν
675 371 997 424 ὁμολογούμενον
1024 371 1089 412 ὑπ’
1121 372 1238 412 αὐτοῦ
1266 372 1404 412 τούτου
1430 371 1574 425 ἄκυρον

245 437 465 488 ποιήσαιτε,
493 438 538 478 τὸ
563 441 605 480 δὲ
629 439 1012 491 ἀμφισβητούμενον
1038 439 1168 490 κύριον
1192 440 1472 491 ’ψηφίσαισθε;
1510 440 1573 480 καὶ

245 506 265 544 ὁ
289 507 361 556 μὲν
386 505 555 556 Λάμπις,
577 504 732 560 ᾧοῦτος
757 504 975 556 σκήπτεται
998 504 1174 557 μάρτυρι,
1202 509 1390 558 μαρτυρεῖ
1411 505 1573 557 ἔξαρνος

244 572 456 624 γενόμενος
482 572 526 612 τὸ
551 571 597 622 ἐξ
621 573 743 625 ἀρχῆς
770 573 819 614 ὡς
848 573 916 613 οὐκ
942 573 1165 625 ἀπείληφεν
1184 572 1228 612 τὸ
1248 574 1427 626 χρυσίον·
1465 573 1574 624 ὑμεῖς

244 641 286 679 δὲ
308 639 467 691 γνοίητε
502 639 552 681 ὡς
581 640 807 692 ἀπείληφεν
834 642 993 686 ἐκεῖνος,
1025 638 1055 694 ᾧ
1082 639 1150 679 οὐκ
1183 640 1261 680 εἰσὶ
1290 638 1482 691 μάρτυρες
1504 643 1574 679 τοῦ

243 705 490 758 πράγματος;
530 706 592 746 καὶ
625 707 702 746 ὅσα
729 709 804 758 μὲν
829 706 912 747 εἶπε
944 708 1043 758 μετὰ
1071 708 1140 756 τῆς
1170 707 1370 757 ἀληθείας,
1396 706 1448 758 μὴ
1474 705 1570 760 χρή-

244 776 390 814 σαισθε
413 774 619 828 τεκμηρίῳ,
645 774 671 814 ἃ
699 773 731 813 δ’
759 773 963 826 ἐψεύσατο
991 775 1172 825 ὕστερον,
1201 773 1335 824 ἐπειδὴ
1363 772 1570 826 διεφθάρη,

243 841 457 892 πιστότερα
482 840 590 880 ταῦθ’
609 840 858 892 ὑπολάβοιτε
883 841 1001 887 εἶναι;
1041 841 1104 880 καὶ
1128 839 1218 891 μήν,
1240 838 1269 880 ὦ
1295 840 1432 892 ἄνδρες
1452 839 1569 891 Ἀθη-

243 911 358 954 ναῖοι,
385 907 486 948 πολὺ
512 908 753 959 δικαιότερόν
775 909 886 948 ἐστιν
910 911 993 950 τοῖς
1018 906 1065 958 ἐξ
1087 908 1211 960 ἀρχῆς
1233 908 1389 960 ῥηθεῖσι
1414 908 1569 959 τεκμαί-

241 977 382 1027 ρεσθαι
414 977 570 1025 μᾶλλον
595 972 618 1025 ἢ
643 979 726 1017 τοῖς
748 975 917 1027 ὕστερον
942 974 1268 1025 τεκταινομένοις.
1328 976 1377 1014 τὰ
1399 976 1473 1026 μὲν
1497 976 1572 1027 γὰρ

242 1042 311 1082 οὐκ
348 1044 390 1082 ἐκ
426 1044 688 1094 παρασκευῆς,
728 1041 819 1082 ἀλλ’
857 1043 900 1082 ἐκ
936 1044 1004 1092 τῆς
1041 1042 1229 1092 ἀληθείας
1266 1042 1417 1094 ἔλεγεν,
1456 1044 1501 1082 τὰ
1540 1041 1572 1081 δ’

240 1110 409 1161 ὕστερον
432 1110 678 1162 ψευδόμενος
703 1109 766 1150 καὶ
790 1108 887 1161 πρὸς
912 1108 958 1149 τὸ
988 1108 1195 1161 συμφέρον
1220 1109 1336 1164 αὑτῷ.
1397 1107 1570 1160 ἀναμνή-

244 1179 364 1226 σθητε
405 1176 458 1222 δέ,
498 1175 526 1216 ὦ
565 1175 702 1228 ἄνδρες
738 1176 955 1227 Ἀθηναῖοι,
993 1177 1054 1216 ὅτι
1090 1175 1169 1216 οὐδ’
1206 1175 1320 1218 αὐτὸς
1357 1177 1378 1216 ὁ
1415 1175 1574 1227 Λάμπις

243 1243 405 1295 ἔξαρνος
437 1242 594 1295 ἐγένετο
627 1243 678 1284 ὡς
708 1243 775 1283 οὐκ
806 1245 863 1293 εἵη
899 1244 1061 1295 εἰρηκὼς
1091 1244 1152 1283 ὅτι
1182 1243 1250 1283 οὐκ
1280 1244 1505 1296 ἀπείληφεν
1529 1243 1574 1284 τὸ

242 1311 423 1363 χρυσίον,
463 1309 555 1349 ἀλλ’
595 1312 718 1350 εἰπεῖν
755 1312 829 1361 μὲν
869 1310 1080 1362 ὡμολόγει,
1123 1310 1168 1349 οὐ
1204 1309 1338 1361 μέντοι
1375 1327 1421 1363 γε
1464 1310 1574 1351 ἐντὸς

244 1376 297 1417 ὢν
322 1378 437 1417 αὑτοῦ
471 1378 606 1417 εἰπεῖν.
668 1378 807 1417 οὔκουν
833 1377 993 1424 ἄτοπον,
1020 1378 1054 1417 εἰ
1086 1379 1156 1427 τῆς
1186 1378 1334 1417 ἐκείνου
1363 1379 1574 1429 μαρτυρίας

243 1444 287 1483 τὸ
320 1446 393 1494 μὲν
427 1443 524 1495 πρὸς
558 1447 626 1483 τοῦ
658 1445 973 1496 ἀποστεροῦντος
1006 1448 1157 1485 πιστῶς
1193 1444 1428 1490 ἀκούσεσθε,
1462 1443 1507 1484 τὸ
1541 1443 1573 1483 δ’

243 1511 338 1562 ὑπὲρ
364 1515 440 1551 τῶν
467 1510 824 1562 ἀποστερουμένων
851 1510 1020 1551 ἄπιστον
1047 1511 1161 1551 ἔσται
1186 1510 1276 1563 παρ’
1302 1512 1411 1562 ὑμῖν;
1449 1514 1571 1562 μηδα-

244 1580 337 1627 μῶς,
364 1575 393 1616 ‹T›
419 1577 555 1628 ἄνδρες
582 1579 777 1618 δικασταί.
838 1579 948 1629 ὑμεῖς
982 1577 1058 1630 γάρ
1092 1579 1183 1618 ἐστε
1214 1575 1278 1629 [οἱ]
1307 1578 1416 1618 αὐτοὶ
1442 1579 1478 1618 οἱ
1505 1576 1574 1618 τὸν

245 1643 613 1695 ἐπιδεδανεισμένον
638 1646 680 1684 ἐκ
711 1648 779 1685 τοῦ
806 1646 994 1697 ἐμπορίου
1027 1646 1159 1685 πολλὰ
1187 1643 1371 1698 χρήματα
1401 1644 1463 1684 καὶ
1491 1647 1575 1686 τοῖς

245 1713 468 1753 δανεισταῖς
488 1711 531 1750 οὐ
552 1713 814 1765 παρασχόντα
830 1714 899 1754 τὰς
914 1711 1113 1762 ὑποθήκας
1134 1711 1287 1766 θανάτῳ
1309 1712 1575 1762 ζημιώσαντες

245 1778 558 1831 εἰσαγγελθέντα
599 1781 640 1819 ἐν
677 1783 730 1834 τῷ
768 1778 890 1834 δήμῳ,
931 1779 993 1820 καὶ
1029 1783 1150 1820 ταῦτα
1187 1780 1355 1829 πολίτην
1390 1778 1574 1830 ὑμέτερον

292 1899 305 1918 1
333 1888 524 1930 ψηφίζεσθαι
545 1889 569 1920 S
585 1901 591 1920 :
615 1891 816 1931 ψηφίσασθαι
834 1890 912 1929 vulg
1067 1901 1083 1926 4
1111 1890 1278 1927 ποιήσαιτε
1296 1888 1396 1919 ΞῘΑε
1421 1889 1573 1926 ποιήσετε

248 1933 271 1964 S
289 1943 376 1964 corr.
395 1933 482 1972 vulg.
575 1936 772 1974 ψηφίσαισθε
789 1934 838 1965 Α;
864 1934 1045 1975 ψηφίσεσθε
1058 1933 1106 1963 D:
1130 1933 1315 1974 ψηφίσησθε
1330 1932 1360 1971 Q
1375 1943 1382 1962 :
1405 1934 1574 1972 ψηφιεῖσθε

247 1976 270 2007 S
286 1976 311 2006 F
509 1987 528 2016 5
552 1977 686 2019 μάρτυρι
705 1981 861 2018 μαρτυρεῖ
884 1978 1004 2008 BlaSS:
1028 1977 1160 2018 μάρτυρι
1190 1976 1213 2007 S
1228 1977 1260 2007 A
1283 1985 1388 2007 corn:
1423 1977 1578 2016 μαρτυρεῖ

246 2019 289 2049 Α1
302 2019 327 2049 F
339 2019 368 2058 Q
383 2019 412 2049 D
495 2022 516 2050 6
540 2026 616 2060 post
633 2022 767 2062 χρυσίον
784 2022 859 2051 add.
879 2024 934 2053 νῦν
949 2021 991 2052 τὰ
1009 2021 1137 2052 ἐναντία
1152 2022 1308 2061 μαρτυρεῖ
1321 2019 1351 2049 Α
1368 2031 1375 2049 :
1399 2029 1462 2049 om.
1483 2023 1571 2057 cett.‚

246 2063 308 2093 del.
329 2063 506 2094 Rehdantz
642 2075 658 2103 7
683 2065 815 2106 γνοίητε
836 2064 981 2095 Reiske:
1008 2063 1144 2103 γνόντες
1162 2064 1258 2094 codd.
1351 2068 1427 2102 post
1444 2064 1484 2094 ὡς
1496 2062 1571 2092 add.

1136 2105 1152 2118 ‘t‘

247 2108 301 2138 οὐκ
318 2107 408 2146 vulg.
424 2119 431 2137 :
456 2118 520 2138 orn.
546 2107 610 2145 FQ
701 2109 880 2146 ἀπείληφεν
896 2107 994 2137 etiam
1013 2107 1036 2137 S
1128 2122 1150 2148 ῳ
1169 2117 1233 2138 orn.
1256 2106 1287 2137 A
1379 2105 1455 2146 εἶσὶ]
1475 2118 1574 2137 εισιτε

1592 521 1610 552 5

1595 858 1634 880 10

1595 1526 1634 1547 20

248 2150 294 2180 S:
320 2150 394 2181 ἐστὲ
411 2151 499 2189 vulg.
517 2163 524 2181 z
551 2154 636 2189 εἴητε
656 2161 720 2187 mg.
741 2152 792 2181 ed.
815 2150 920 2180 Paris.
938 2161 967 2180 a.
991 2160 1072 2189 1570
1215 2151 1235 2180 8
1259 2151 1438 2192 χρήσαισθε
1456 2149 1573 2180 Blass:
1611 2169 1614 2172 ·

248 2197 374 2234 χρῷσθε
393 2194 570 2224 Gebauer:
597 2196 735 2234 χρῆσθαι
754 2194 811 2224 Sl:
838 2196 958 2233 χρῆσθε
977 2193 1000 2223 5
1018 2204 1102 2223 corr.
1123 2194 1213 2233 vulg.
1329 2204 1351 2234 9
1374 2194 1511 2233 ὕστερον
1529 2192 1575 2222 S:

248 2239 285 2267 τὸ
304 2238 373 2268 ὕστ.
393 2237 482 2276 Vulg.
580 2247 619 2267 10
645 2237 906 2276 ὑπολαμβάνοιτε
922 2236 988 2266 AS
1006 2247 1047 2267 m.
1070 2247 1134 2268 rec.
1238 2247 1276 2266 12
1301 2234 1574 2276 τεκταινομένοις]

247 2280 522 2319 μετακινουμένοις
540 2280 572 2309 Α
746 2290 782 2318 13
808 2282 1009 2321 παρασκευῆς
1028 2279 1051 2309 S
1064 2279 1094 2309 A
1108 2280 1136 2309 D
1153 2293 1204 2321 γρ.
1220 2290 1227 2309 :
1253 2280 1448 2311 παιδεύσεως
1466 2278 1531 2317 FQ
1545 2278 1575 2308 D

252 2324 290 2353 18
314 2326 426 2355 οὔκουν
443 2324 561 2361 scripsi
577 2334 583 2353 :
608 2325 664 2354 οὐκ
681 2324 734 2355 οὖν
752 2323 839 2362 vulg.
950 2333 992 2352 20
1017 2323 1125 2363 ἔσταιῖ
1144 2324 1221 2355 εἶναι
1240 2322 1263 2352 S
1376 2333 1413 2353 21
1441 2324 1470 2354 οἴ
1485 2323 1574 2354 αὐτοὶ

249 2377 313 2396 om.
332 2366 381 2397 A:
407 2367 487 2397 secl.
511 2367 607 2397 Blass
625 2366 697 2398 coll.
721 2367 818 2397 Dein.
840 2367 848 2397 i
866 2376 926 2405 23:
953 2366 1044 2406 prius
1066 2368 1093 2398 οἱ
1109 2366 1224 2396 delere
1240 2366 1353 2396 malim
1444 2376 1484 2396 22
1510 2368 1573 2397 ε’πι-

249 2409 475 2447 δανεισάμενον
493 2409 523 2439 Α
