<?xml version="1.0" encoding="UTF-8"?>
<!DOCTYPE html PUBLIC "-//W3C//DTD XHTML 1.0 Transitional//EN"
    "http://www.w3.org/TR/xhtml1/DTD/xhtml1-transitional.dtd">
<html xmlns="http://www.w3.org/1999/xhtml" xml:lang="en" lang="en">
 <head>
  <title>
</title>
<meta http-equiv="Content-Type" content="text/html;charset=utf-8" />
  <meta name='ocr-system' content='tesseract 3.04.00' />
  <meta name='ocr-capabilities' content='ocr_page ocr_carea ocr_par ocr_line ocrx_word'/>
</head>
<body>
  <div class='ocr_page' id='page_1' title='image "./p2orationesrecog02demouoft_0214.png"; bbox 0 0 1685 2772; ppageno 0'>
   <div class='ocr_carea' id='block_1_1' title="bbox 49 112 183 172">
    <p class='ocr_par' dir='ltr' id='par_1_1' title="bbox 49 112 183 172">
     <span class='ocr_line' id='line_1_1' title="bbox 49 112 183 172; baseline -0.007 0"><span class='ocrx_word' id='word_1_1' title='bbox 49 112 183 172; x_wconf 79' lang='lat'>[1021]</span> 
     </span>
    </p>
   </div>
   <div class='ocr_carea' id='block_1_2' title="bbox 143 356 187 393">
    <p class='ocr_par' dir='ltr' id='par_1_2' title="bbox 143 356 187 393">
     <span class='ocr_line' id='line_1_2' title="bbox 143 356 187 393; baseline 0.045 -2"><span class='ocrx_word' id='word_1_2' title='bbox 143 356 187 393; x_wconf 91' lang='grc'>45</span> 
     </span>
    </p>
   </div>
   <div class='ocr_carea' id='block_1_3' title="bbox 41 784 181 841">
    <p class='ocr_par' dir='ltr' id='par_1_3' title="bbox 41 784 181 841">
     <span class='ocr_line' id='line_1_3' title="bbox 41 784 181 841; baseline 0.014 -16"><span class='ocrx_word' id='word_1_3' title='bbox 41 784 181 841; x_wconf 80' lang='lat'>[1022]</span> 
     </span>
    </p>
   </div>
   <div class='ocr_carea' id='block_1_4' title="bbox 135 1221 180 1255">
    <p class='ocr_par' dir='ltr' id='par_1_4' title="bbox 135 1221 180 1255">
     <span class='ocr_line' id='line_1_4' title="bbox 135 1221 180 1255; baseline 0 0"><span class='ocrx_word' id='word_1_4' title='bbox 135 1221 180 1255; x_wconf 89' lang='grc'>47</span> 
     </span>
    </p>
   </div>
   <div class='ocr_carea' id='block_1_5' title="bbox 139 2031 185 2066">
    <p class='ocr_par' dir='ltr' id='par_1_5' title="bbox 139 2031 185 2066">
     <span class='ocr_line' id='line_1_5' title="bbox 139 2031 185 2066; baseline 0.043 -2"><span class='ocrx_word' id='word_1_5' title='bbox 139 2031 185 2066; x_wconf 90' lang='grc'>49</span> 
     </span>
    </p>
   </div>
   <div class='ocr_carea' id='block_1_6' title="bbox 620 123 1551 184">
    <p class='ocr_par' dir='ltr' id='par_1_6' title="bbox 620 123 1551 184">
     <span class='ocr_line' id='line_1_6' title="bbox 620 123 1551 184; baseline 0.006 -18"><span class='ocrx_word' id='word_1_6' title='bbox 620 123 1146 180; x_wconf 70' lang='grc' dir='ltr'>[ΔΗΜΟΣΘΕΝΟΎΣ]</span> <span class='ocrx_word' id='word_1_7' title='bbox 1485 129 1551 184; x_wconf 82' lang='lat' dir='ltr'>[XL</span> 
     </span>
    </p>
   </div>
   <div class='ocr_carea' id='block_1_7' title="bbox 632 259 1135 289">
    <p class='ocr_par' dir='ltr' id='par_1_7' title="bbox 632 259 1135 289">
     <span class='ocr_line' id='line_1_7' title="bbox 632 259 1135 289; baseline 0.002 -3"><span class='ocrx_word' id='word_1_8' title='bbox 632 259 841 286; x_wconf 79' lang='grc' dir='ltr'><strong>ΜΑΡἸὝΡΙΑ.</strong></span> <span class='ocrx_word' id='word_1_9' title='bbox 891 259 1135 289; x_wconf 83' lang='grc' dir='ltr'><strong>ΠΡΟΚΛΗΣῙΣ.</strong></span> 
     </span>
    </p>
   </div>
   <div class='ocr_carea' id='block_1_8' title="bbox 213 337 1552 2068">
    <p class='ocr_par' dir='ltr' id='par_1_8' title="bbox 213 337 1552 2068">
     <span class='ocr_line' id='line_1_8' title="bbox 283 337 1552 393; baseline 0.004 -16"><span class='ocrx_word' id='word_1_10' title='bbox 283 337 443 388; x_wconf 78' lang='grc' dir='ltr'>Ταύτην</span> <span class='ocrx_word' id='word_1_11' title='bbox 459 339 590 379; x_wconf 87' lang='grc' dir='ltr'>τοίνυν</span> <span class='ocrx_word' id='word_1_12' title='bbox 606 337 676 388; x_wconf 78' lang='grc' dir='ltr'>τὴν</span> <span class='ocrx_word' id='word_1_13' title='bbox 694 339 919 390; x_wconf 88' lang='grc' dir='ltr'>πρόκλησιν</span> <span class='ocrx_word' id='word_1_14' title='bbox 937 339 981 379; x_wconf 84' lang='grc' dir='ltr'>οὐ</span> <span class='ocrx_word' id='word_1_15' title='bbox 997 337 1221 390; x_wconf 81' lang='grc' dir='ltr'>δεξάμενος,</span> <span class='ocrx_word' id='word_1_16' title='bbox 1239 340 1330 381; x_wconf 86' lang='grc' dir='ltr'>ἀλλ’</span> <span class='ocrx_word' id='word_1_17' title='bbox 1340 342 1552 393; x_wconf 86' lang='grc' dir='ltr'>ἐνεδρεύων</span> 
     </span>
     <span class='ocr_line' id='line_1_9' title="bbox 218 404 1549 458; baseline 0.005 -14"><span class='ocrx_word' id='word_1_18' title='bbox 218 420 266 454; x_wconf 90' lang='grc' dir='ltr'>με</span> <span class='ocrx_word' id='word_1_19' title='bbox 283 404 346 444; x_wconf 86' lang='grc' dir='ltr'>καὶ</span> <span class='ocrx_word' id='word_1_20' title='bbox 362 404 433 454; x_wconf 80' lang='grc' dir='ltr'>τὴν</span> <span class='ocrx_word' id='word_1_21' title='bbox 459 406 570 455; x_wconf 90' lang='grc' dir='ltr'>δίκην</span> <span class='ocrx_word' id='word_1_22' title='bbox 596 405 656 445; x_wconf 84' lang='grc' dir='ltr'>ὅτι</span> <span class='ocrx_word' id='word_1_23' title='bbox 675 409 871 445; x_wconf 86' lang='grc' dir='ltr'>πλεῖστον</span> <span class='ocrx_word' id='word_1_24' title='bbox 891 405 1039 458; x_wconf 84' lang='grc' dir='ltr'>χρόνον</span> <span class='ocrx_word' id='word_1_25' title='bbox 1065 406 1263 458; x_wconf 84' lang='grc' dir='ltr'>ἐκκρούειν</span> <span class='ocrx_word' id='word_1_26' title='bbox 1287 408 1549 458; x_wconf 85' lang='grc' dir='ltr'>βουλόμενος,</span> 
     </span>
     <span class='ocr_line' id='line_1_10' title="bbox 220 470 1551 524; baseline 0.004 -14"><span class='ocrx_word' id='word_1_27' title='bbox 220 470 496 523; x_wconf 82' lang='grc' dir='ltr'>κατηγορήσει,</span> <span class='ocrx_word' id='word_1_28' title='bbox 533 471 582 513; x_wconf 83' lang='grc' dir='ltr'>ὡς</span> <span class='ocrx_word' id='word_1_29' title='bbox 608 472 686 524; x_wconf 87' lang='grc' dir='ltr'>ἐγὼ</span> <span class='ocrx_word' id='word_1_30' title='bbox 712 471 973 522; x_wconf 85' lang='grc' dir='ltr'>πυνθάνομαι,</span> <span class='ocrx_word' id='word_1_31' title='bbox 1006 473 1050 513; x_wconf 85' lang='grc' dir='ltr'>οὐ</span> <span class='ocrx_word' id='word_1_32' title='bbox 1074 473 1196 524; x_wconf 88' lang='grc' dir='ltr'>μόνον</span> <span class='ocrx_word' id='word_1_33' title='bbox 1221 475 1327 524; x_wconf 84' lang='grc' dir='ltr'><strong><em>ἐμοῦ,</em></strong></span> <span class='ocrx_word' id='word_1_34' title='bbox 1355 474 1463 514; x_wconf 81' lang='grc' dir='ltr'>ἀλλὰ</span> <span class='ocrx_word' id='word_1_35' title='bbox 1489 476 1551 516; x_wconf 89' lang='grc' dir='ltr'>καὶ</span> 
     </span>
     <span class='ocr_line' id='line_1_11' title="bbox 216 538 1550 592; baseline 0.004 -15"><span class='ocrx_word' id='word_1_36' title='bbox 216 542 284 578; x_wconf 80' lang='grc' dir='ltr'>τοῦ</span> <span class='ocrx_word' id='word_1_37' title='bbox 327 539 487 591; x_wconf 86' lang='grc' dir='ltr'>πατρός,</span> <span class='ocrx_word' id='word_1_38' title='bbox 532 538 664 591; x_wconf 87' lang='grc' dir='ltr'>λέγων</span> <span class='ocrx_word' id='word_1_39' title='bbox 702 538 753 580; x_wconf 87' lang='grc' dir='ltr'>ὡς</span> <span class='ocrx_word' id='word_1_40' title='bbox 797 540 945 580; x_wconf 87' lang='grc' dir='ltr'>ἐκεῖνος</span> <span class='ocrx_word' id='word_1_41' title='bbox 989 539 1073 589; x_wconf 87' lang='grc' dir='ltr'>ἐμοὶ</span> <span class='ocrx_word' id='word_1_42' title='bbox 1116 540 1373 592; x_wconf 78' lang='grc' dir='ltr'>χαριζόμενος</span> <span class='ocrx_word' id='word_1_43' title='bbox 1415 543 1550 582; x_wconf 76' lang='grc' dir='ltr'>πολλὰ</span> 
     </span>
     <span class='ocr_line' id='line_1_12' title="bbox 216 603 1547 659; baseline 0.004 -15"><span class='ocrx_word' id='word_1_44' title='bbox 216 609 355 645; x_wconf 79' lang='grc' dir='ltr'>τοῦτον</span> <span class='ocrx_word' id='word_1_45' title='bbox 378 604 581 656; x_wconf 84' lang='grc' dir='ltr'>ἠδίκησεν.</span> <span class='ocrx_word' id='word_1_46' title='bbox 629 607 738 656; x_wconf 80' lang='grc' dir='ltr'>ὑμεῖς</span> <span class='ocrx_word' id='word_1_47' title='bbox 764 605 811 651; x_wconf 84' lang='grc' dir='ltr'>δ’,</span> <span class='ocrx_word' id='word_1_48' title='bbox 835 603 864 645; x_wconf 74' lang='grc' dir='ltr'><em>ὦ</em></span> <span class='ocrx_word' id='word_1_49' title='bbox 881 606 1020 658; x_wconf 81' lang='grc' dir='ltr'>ἄνδρες</span> <span class='ocrx_word' id='word_1_50' title='bbox 1045 608 1240 652; x_wconf 87' lang='grc' dir='ltr'>δικασταί,</span> <span class='ocrx_word' id='word_1_51' title='bbox 1259 607 1438 658; x_wconf 86' lang='grc' dir='ltr'>μάλιστα</span> <span class='ocrx_word' id='word_1_52' title='bbox 1461 607 1547 659; x_wconf 88' lang='grc' dir='ltr'>μέν,</span> 
     </span>
     <span class='ocr_line' id='line_1_13' title="bbox 215 672 1549 724; baseline 0.002 -12"><span class='ocrx_word' id='word_1_53' title='bbox 215 673 350 724; x_wconf 81' lang='grc' dir='ltr'>ὥσπερ</span> <span class='ocrx_word' id='word_1_54' title='bbox 393 672 504 713; x_wconf 84' lang='grc' dir='ltr'>αὐτοὶ</span> <span class='ocrx_word' id='word_1_55' title='bbox 538 673 606 713; x_wconf 82' lang='grc' dir='ltr'>οὐκ</span> <span class='ocrx_word' id='word_1_56' title='bbox 645 673 692 713; x_wconf 81' lang='grc' dir='ltr'>ἂν</span> <span class='ocrx_word' id='word_1_57' title='bbox 735 673 949 723; x_wconf 80' lang='grc' dir='ltr'>ἀξιώσαιτε</span> <span class='ocrx_word' id='word_1_58' title='bbox 998 676 1123 714; x_wconf 80' lang='grc' dir='ltr'>κακῶς</span> <span class='ocrx_word' id='word_1_59' title='bbox 1160 674 1314 714; x_wconf 84' lang='grc' dir='ltr'>ἀκούειν</span> <span class='ocrx_word' id='word_1_60' title='bbox 1354 674 1429 715; x_wconf 83' lang='grc' dir='ltr'>ὑπὸ</span> <span class='ocrx_word' id='word_1_61' title='bbox 1471 679 1549 716; x_wconf 84' lang='grc' dir='ltr'>τῶν</span> 
     </span>
     <span class='ocr_line' id='line_1_14' title="bbox 213 739 1550 795; baseline 0.002 -16"><span class='ocrx_word' id='word_1_62' title='bbox 213 739 410 790; x_wconf 81' lang='grc' dir='ltr'>ὑμετέρων</span> <span class='ocrx_word' id='word_1_63' title='bbox 448 741 609 786; x_wconf 78' lang='grc' dir='ltr'>παίδων,</span> <span class='ocrx_word' id='word_1_64' title='bbox 649 741 750 780; x_wconf 83' lang='grc' dir='ltr'>οὕτω</span> <span class='ocrx_word' id='word_1_65' title='bbox 785 742 884 792; x_wconf 81' lang='grc' dir='ltr'>μηδὲ</span> <span class='ocrx_word' id='word_1_66' title='bbox 920 740 1043 795; x_wconf 79' lang='grc' dir='ltr'>τούτῳ</span> <span class='ocrx_word' id='word_1_67' title='bbox 1087 740 1313 792; x_wconf 84' lang='grc' dir='ltr'>ἐπιτρέπετε</span> <span class='ocrx_word' id='word_1_68' title='bbox 1354 741 1442 791; x_wconf 74' lang='grc' dir='ltr'>περὶ</span> <span class='ocrx_word' id='word_1_69' title='bbox 1481 745 1550 783; x_wconf 85' lang='grc' dir='ltr'>τοῦ</span> 
     </span>
     <span class='ocr_line' id='line_1_15' title="bbox 213 807 1549 862; baseline 0.002 -15"><span class='ocrx_word' id='word_1_70' title='bbox 213 810 360 859; x_wconf 86' lang='grc' dir='ltr'>πατρὸς</span> <span class='ocrx_word' id='word_1_71' title='bbox 378 811 657 860; x_wconf 79' lang='grc' dir='ltr'>βλασφημεῖν·</span> <span class='ocrx_word' id='word_1_72' title='bbox 702 808 763 848; x_wconf 86' lang='grc' dir='ltr'>καὶ</span> <span class='ocrx_word' id='word_1_73' title='bbox 790 809 864 860; x_wconf 79' lang='grc' dir='ltr'>γὰρ</span> <span class='ocrx_word' id='word_1_74' title='bbox 881 807 929 848; x_wconf 82' lang='grc' dir='ltr'>ἂν</span> <span class='ocrx_word' id='word_1_75' title='bbox 949 809 1007 858; x_wconf 85' lang='grc' dir='ltr'>εἴη</span> <span class='ocrx_word' id='word_1_76' title='bbox 1024 808 1165 854; x_wconf 80' lang='grc' dir='ltr'>δεινόν,</span> <span class='ocrx_word' id='word_1_77' title='bbox 1188 809 1220 848; x_wconf 86' lang='grc' dir='ltr'>εἰ</span> <span class='ocrx_word' id='word_1_78' title='bbox 1236 808 1344 849; x_wconf 82' lang='grc' dir='ltr'>αὐτοὶ</span> <span class='ocrx_word' id='word_1_79' title='bbox 1359 811 1432 860; x_wconf 81' lang='grc' dir='ltr'>μὲν</span> <span class='ocrx_word' id='word_1_80' title='bbox 1453 812 1549 862; x_wconf 83' lang='grc' dir='ltr'>πρὸς</span> 
     </span>
     <span class='ocr_line' id='line_1_16' title="bbox 213 873 1548 928; baseline 0.003 -14"><span class='ocrx_word' id='word_1_81' title='bbox 213 873 302 916; x_wconf 82' lang='grc' dir='ltr'>τοὺς</span> <span class='ocrx_word' id='word_1_82' title='bbox 332 875 396 915; x_wconf 87' lang='grc' dir='ltr'>ἐπὶ</span> <span class='ocrx_word' id='word_1_83' title='bbox 433 877 501 925; x_wconf 84' lang='grc' dir='ltr'>τῆς</span> <span class='ocrx_word' id='word_1_84' title='bbox 538 875 773 928; x_wconf 78' lang='grc' dir='ltr'>ὀλιγαρχίας</span> <span class='ocrx_word' id='word_1_85' title='bbox 810 875 988 917; x_wconf 79' lang='grc' dir='ltr'>πολλοὺς</span> <span class='ocrx_word' id='word_1_86' title='bbox 1030 879 1108 916; x_wconf 84' lang='grc' dir='ltr'>τῶν</span> <span class='ocrx_word' id='word_1_87' title='bbox 1152 879 1327 916; x_wconf 87' lang='grc' dir='ltr'>πολιτῶν</span> <span class='ocrx_word' id='word_1_88' title='bbox 1369 877 1548 928; x_wconf 84' lang='grc' dir='ltr'>ἀκρίτους</span> 
     </span>
     <span class='ocr_line' id='line_1_17' title="bbox 214 941 1548 996; baseline 0.002 -15"><span class='ocrx_word' id='word_1_89' title='bbox 214 942 521 983; x_wconf 83' lang='grc' dir='ltr'>ἀποκτείναντας</span> <span class='ocrx_word' id='word_1_90' title='bbox 542 941 825 995; x_wconf 82' lang='grc' dir='ltr'>διαλλαγέντες</span> <span class='ocrx_word' id='word_1_91' title='bbox 842 942 1030 993; x_wconf 84' lang='grc' dir='ltr'>ἐμμένετε</span> <span class='ocrx_word' id='word_1_92' title='bbox 1050 947 1133 985; x_wconf 85' lang='grc' dir='ltr'>ταῖς</span> <span class='ocrx_word' id='word_1_93' title='bbox 1150 942 1393 995; x_wconf 85' lang='grc' dir='ltr'>ὁμολογίαις,</span> <span class='ocrx_word' id='word_1_94' title='bbox 1412 944 1548 996; x_wconf 86' lang='grc' dir='ltr'>ὥσπερ</span> 
     </span>
     <span class='ocr_line' id='line_1_18' title="bbox 214 1007 1547 1065; baseline 0.003 -17"><span class='ocrx_word' id='word_1_95' title='bbox 214 1007 290 1061; x_wconf 76' lang='grc' dir='ltr'>χρὴ</span> <span class='ocrx_word' id='word_1_96' title='bbox 317 1008 408 1051; x_wconf 81' lang='grc' dir='ltr'>τοὺς</span> <span class='ocrx_word' id='word_1_97' title='bbox 433 1009 577 1051; x_wconf 84' lang='grc' dir='ltr'>καλοὺς</span> <span class='ocrx_word' id='word_1_98' title='bbox 598 1009 792 1062; x_wconf 85' lang='grc' dir='ltr'>κάγαθοὺς</span> <span class='ocrx_word' id='word_1_99' title='bbox 817 1009 971 1062; x_wconf 81' lang='grc' dir='ltr'>ἄνδρας,</span> <span class='ocrx_word' id='word_1_100' title='bbox 991 1010 1114 1065; x_wconf 81' lang='grc' dir='ltr'>τούτῳ</span> <span class='ocrx_word' id='word_1_101' title='bbox 1136 1012 1176 1051; x_wconf 83' lang='grc' dir='ltr'>δὲ</span> <span class='ocrx_word' id='word_1_102' title='bbox 1197 1010 1294 1062; x_wconf 85' lang='grc' dir='ltr'>πρὸς</span> <span class='ocrx_word' id='word_1_103' title='bbox 1311 1010 1380 1052; x_wconf 84' lang='grc' dir='ltr'>τὸν</span> <span class='ocrx_word' id='word_1_104' title='bbox 1396 1010 1547 1064; x_wconf 85' lang='grc' dir='ltr'>πατέρα</span> 
     </span>
     <span class='ocr_line' id='line_1_19' title="bbox 216 1076 1543 1130; baseline 0.002 -14"><span class='ocrx_word' id='word_1_105' title='bbox 216 1076 341 1125; x_wconf 77' lang='grc' dir='ltr'>ζῶντα</span> <span class='ocrx_word' id='word_1_106' title='bbox 370 1079 433 1117; x_wconf 81' lang='grc' dir='ltr'>καὶ</span> <span class='ocrx_word' id='word_1_107' title='bbox 470 1076 691 1117; x_wconf 76' lang='grc' dir='ltr'>διαλυθέντι</span> <span class='ocrx_word' id='word_1_108' title='bbox 724 1078 787 1117; x_wconf 88' lang='grc' dir='ltr'>καὶ</span> <span class='ocrx_word' id='word_1_109' title='bbox 819 1079 955 1118; x_wconf 82' lang='grc' dir='ltr'>πολλὰ</span> <span class='ocrx_word' id='word_1_110' title='bbox 988 1079 1094 1130; x_wconf 75' lang='grc' dir='ltr'>παρὰ</span> <span class='ocrx_word' id='word_1_111' title='bbox 1126 1077 1170 1117; x_wconf 86' lang='grc' dir='ltr'>τὸ</span> <span class='ocrx_word' id='word_1_112' title='bbox 1201 1078 1349 1118; x_wconf 84' lang='grc' dir='ltr'>δίκαιον</span> <span class='ocrx_word' id='word_1_113' title='bbox 1379 1083 1543 1119; x_wconf 86' lang='grc' dir='ltr'>πλεονε-</span> 
     </span>
     <span class='ocr_line' id='line_1_20' title="bbox 215 1142 1546 1199; baseline 0.002 -16"><span class='ocrx_word' id='word_1_114' title='bbox 215 1142 406 1194; x_wconf 89' lang='grc' dir='ltr'>κτήσαντι</span> <span class='ocrx_word' id='word_1_115' title='bbox 446 1147 514 1184; x_wconf 76' lang='grc' dir='ltr'>νῦν</span> <span class='ocrx_word' id='word_1_116' title='bbox 555 1147 813 1195; x_wconf 82' lang='grc' dir='ltr'>μνησικακεῖν</span> <span class='ocrx_word' id='word_1_117' title='bbox 857 1143 1095 1196; x_wconf 76' lang='grc' dir='ltr'>ἐπιτρέψετε</span> <span class='ocrx_word' id='word_1_118' title='bbox 1137 1144 1199 1184; x_wconf 86' lang='grc' dir='ltr'>καὶ</span> <span class='ocrx_word' id='word_1_119' title='bbox 1242 1148 1368 1187; x_wconf 83' lang='grc' dir='ltr'>κακῶς</span> <span class='ocrx_word' id='word_1_120' title='bbox 1409 1145 1546 1199; x_wconf 88' lang='grc' dir='ltr'>λέγειν</span> 
     </span>
     <span class='ocr_line' id='line_1_21' title="bbox 215 1210 1544 1264; baseline 0.002 -14"><span class='ocrx_word' id='word_1_121' title='bbox 215 1211 378 1253; x_wconf 87' lang='grc' dir='ltr'>ἐκεῖνον.</span> <span class='ocrx_word' id='word_1_122' title='bbox 451 1214 650 1262; x_wconf 83' lang='grc' dir='ltr'>μηδαμῶς,</span> <span class='ocrx_word' id='word_1_123' title='bbox 681 1210 710 1251; x_wconf 73' lang='grc' dir='ltr'><em>ὦ</em></span> <span class='ocrx_word' id='word_1_124' title='bbox 740 1211 878 1264; x_wconf 82' lang='grc' dir='ltr'>ἄνδρες</span> <span class='ocrx_word' id='word_1_125' title='bbox 911 1212 1107 1258; x_wconf 88' lang='grc' dir='ltr'>δικασταί,</span> <span class='ocrx_word' id='word_1_126' title='bbox 1139 1212 1247 1251; x_wconf 78' lang='grc' dir='ltr'>ἀλλὰ</span> <span class='ocrx_word' id='word_1_127' title='bbox 1271 1211 1449 1262; x_wconf 89' lang='grc' dir='ltr'>μάλιστα</span> <span class='ocrx_word' id='word_1_128' title='bbox 1473 1215 1544 1264; x_wconf 81' lang='grc' dir='ltr'>μὲν</span> 
     </span>
     <span class='ocr_line' id='line_1_22' title="bbox 217 1277 1545 1330; baseline 0.002 -13"><span class='ocrx_word' id='word_1_129' title='bbox 217 1277 388 1318; x_wconf 85' lang='grc' dir='ltr'>κωλύετε</span> <span class='ocrx_word' id='word_1_130' title='bbox 420 1277 537 1318; x_wconf 85' lang='grc' dir='ltr'>αὐτὸν</span> <span class='ocrx_word' id='word_1_131' title='bbox 569 1282 689 1318; x_wconf 80' lang='grc' dir='ltr'>ταῦτα</span> <span class='ocrx_word' id='word_1_132' title='bbox 719 1282 858 1324; x_wconf 83' lang='grc' dir='ltr'>ποιεῖν,</span> <span class='ocrx_word' id='word_1_133' title='bbox 894 1277 941 1318; x_wconf 82' lang='grc' dir='ltr'>ἂν</span> <span class='ocrx_word' id='word_1_134' title='bbox 974 1277 1007 1318; x_wconf 82' lang='grc' dir='ltr'>δ’</span> <span class='ocrx_word' id='word_1_135' title='bbox 1040 1277 1115 1330; x_wconf 83' lang='grc' dir='ltr'>ἄρα</span> <span class='ocrx_word' id='word_1_136' title='bbox 1143 1277 1331 1329; x_wconf 79' lang='grc' dir='ltr'>βιάζηται</span> <span class='ocrx_word' id='word_1_137' title='bbox 1358 1280 1457 1330; x_wconf 80' lang='grc' dir='ltr'>ὑμᾶς</span> <span class='ocrx_word' id='word_1_138' title='bbox 1483 1281 1545 1320; x_wconf 85' lang='grc' dir='ltr'>καὶ</span> 
     </span>
     <span class='ocr_line' id='line_1_23' title="bbox 213 1344 1549 1399; baseline 0.001 -15"><span class='ocrx_word' id='word_1_139' title='bbox 213 1346 454 1397; x_wconf 82' lang='grc' dir='ltr'>λοιδορῆται,</span> <span class='ocrx_word' id='word_1_140' title='bbox 482 1346 716 1396; x_wconf 81' lang='grc' dir='ltr'>ἐνθυμεῖσθε</span> <span class='ocrx_word' id='word_1_141' title='bbox 741 1346 800 1385; x_wconf 86' lang='grc' dir='ltr'>ὅτι</span> <span class='ocrx_word' id='word_1_142' title='bbox 826 1344 941 1387; x_wconf 82' lang='grc' dir='ltr'>αὐτὸς</span> <span class='ocrx_word' id='word_1_143' title='bbox 960 1347 1101 1386; x_wconf 82' lang='grc' dir='ltr'>ἑαυτοῦ</span> <span class='ocrx_word' id='word_1_144' title='bbox 1117 1349 1404 1399; x_wconf 91' lang='grc' dir='ltr'>καταμαρτυρεῖ</span> <span class='ocrx_word' id='word_1_145' title='bbox 1424 1346 1476 1397; x_wconf 74' lang='grc' dir='ltr'>μὴ</span> <span class='ocrx_word' id='word_1_146' title='bbox 1503 1345 1549 1396; x_wconf 80' lang='grc' dir='ltr'>ἐξ</span> 
     </span>
     <span class='ocr_line' id='line_1_24' title="bbox 217 1412 1545 1465; baseline 0.002 -14"><span class='ocrx_word' id='word_1_147' title='bbox 217 1412 368 1452; x_wconf 88' lang='grc' dir='ltr'>ἐκείνου</span> <span class='ocrx_word' id='word_1_148' title='bbox 385 1415 639 1464; x_wconf 85' lang='grc' dir='ltr'>γεγενῆσθαι.</span> <span class='ocrx_word' id='word_1_149' title='bbox 694 1414 729 1452; x_wconf 86' lang='grc' dir='ltr'>οἱ</span> <span class='ocrx_word' id='word_1_150' title='bbox 745 1415 817 1463; x_wconf 81' lang='grc' dir='ltr'>μὲν</span> <span class='ocrx_word' id='word_1_151' title='bbox 833 1413 908 1464; x_wconf 76' lang='grc' dir='ltr'>γὰρ</span> <span class='ocrx_word' id='word_1_152' title='bbox 926 1412 1048 1465; x_wconf 85' lang='grc' dir='ltr'>φύσει</span> <span class='ocrx_word' id='word_1_153' title='bbox 1065 1416 1202 1454; x_wconf 86' lang='grc' dir='ltr'>παῖδες</span> <span class='ocrx_word' id='word_1_154' title='bbox 1218 1414 1342 1459; x_wconf 85' lang='grc' dir='ltr'>ὄντες,</span> <span class='ocrx_word' id='word_1_155' title='bbox 1363 1412 1433 1453; x_wconf 78' lang='grc' dir='ltr'>κᾶν</span> <span class='ocrx_word' id='word_1_156' title='bbox 1449 1413 1545 1465; x_wconf 86' lang='grc' dir='ltr'>πρὸς</span> 
     </span>
     <span class='ocr_line' id='line_1_25' title="bbox 218 1478 1545 1532; baseline 0.002 -14"><span class='ocrx_word' id='word_1_157' title='bbox 218 1479 364 1528; x_wconf 79' lang='grc' dir='ltr'>ζῶντας</span> <span class='ocrx_word' id='word_1_158' title='bbox 396 1479 486 1520; x_wconf 78' lang='grc' dir='ltr'>τοὺς</span> <span class='ocrx_word' id='word_1_159' title='bbox 515 1479 685 1531; x_wconf 88' lang='grc' dir='ltr'>πατέρας</span> <span class='ocrx_word' id='word_1_160' title='bbox 715 1481 985 1532; x_wconf 83' lang='grc' dir='ltr'>διενεχθῶσιν,</span> <span class='ocrx_word' id='word_1_161' title='bbox 1013 1479 1105 1520; x_wconf 86' lang='grc' dir='ltr'>ἀλλ’</span> <span class='ocrx_word' id='word_1_162' title='bbox 1131 1479 1200 1520; x_wconf 72' lang='grc' dir='ltr'>οὖν</span> <span class='ocrx_word' id='word_1_163' title='bbox 1228 1478 1545 1530; x_wconf 87' lang='grc' dir='ltr'>τελευτήσαντας</span> 
     </span>
     <span class='ocr_line' id='line_1_26' title="bbox 217 1545 1543 1598; baseline 0.002 -13"><span class='ocrx_word' id='word_1_164' title='bbox 217 1545 357 1588; x_wconf 84' lang='grc' dir='ltr'>αὐτοὺς</span> <span class='ocrx_word' id='word_1_165' title='bbox 381 1547 624 1587; x_wconf 71' lang='grc' dir='ltr'>ἐπαινοῦσιν·</span> <span class='ocrx_word' id='word_1_166' title='bbox 663 1548 699 1586; x_wconf 81' lang='grc' dir='ltr'>οἱ</span> <span class='ocrx_word' id='word_1_167' title='bbox 725 1549 765 1586; x_wconf 81' lang='grc' dir='ltr'>δὲ</span> <span class='ocrx_word' id='word_1_168' title='bbox 786 1547 1033 1598; x_wconf 79' lang='grc' dir='ltr'>νομιζόμενοι</span> <span class='ocrx_word' id='word_1_169' title='bbox 1059 1549 1130 1597; x_wconf 76' lang='grc' dir='ltr'>μὲν</span> <span class='ocrx_word' id='word_1_170' title='bbox 1155 1548 1265 1592; x_wconf 83' lang='grc' dir='ltr'>υἱεῖς,</span> <span class='ocrx_word' id='word_1_171' title='bbox 1287 1546 1338 1597; x_wconf 75' lang='grc' dir='ltr'>μὴ</span> <span class='ocrx_word' id='word_1_172' title='bbox 1366 1548 1478 1588; x_wconf 82' lang='grc' dir='ltr'>ὄντες</span> <span class='ocrx_word' id='word_1_173' title='bbox 1503 1549 1543 1587; x_wconf 82' lang='grc' dir='ltr'>δὲ</span> 
     </span>
     <span class='ocr_line' id='line_1_27' title="bbox 218 1612 1544 1668; baseline 0.001 -16"><span class='ocrx_word' id='word_1_174' title='bbox 218 1612 325 1665; x_wconf 85' lang='grc' dir='ltr'>γένει</span> <span class='ocrx_word' id='word_1_175' title='bbox 343 1612 389 1663; x_wconf 78' lang='grc' dir='ltr'>ἐξ</span> <span class='ocrx_word' id='word_1_176' title='bbox 405 1614 576 1660; x_wconf 85' lang='grc' dir='ltr'>ἐκείνων,</span> <span class='ocrx_word' id='word_1_177' title='bbox 596 1614 739 1668; x_wconf 74' lang='grc' dir='ltr'>ῥᾳδίως</span> <span class='ocrx_word' id='word_1_178' title='bbox 757 1615 829 1665; x_wconf 80' lang='grc' dir='ltr'>μὲν</span> <span class='ocrx_word' id='word_1_179' title='bbox 848 1613 978 1656; x_wconf 81' lang='grc' dir='ltr'>αὐτοῖς</span> <span class='ocrx_word' id='word_1_180' title='bbox 1004 1613 1260 1666; x_wconf 85' lang='grc' dir='ltr'>διαφέρονται</span> <span class='ocrx_word' id='word_1_181' title='bbox 1278 1614 1410 1663; x_wconf 77' lang='grc' dir='ltr'>ζῶσιν,</span> <span class='ocrx_word' id='word_1_182' title='bbox 1431 1613 1544 1654; x_wconf 78' lang='grc' dir='ltr'>οὐδὲν</span> 
     </span>
     <span class='ocr_line' id='line_1_28' title="bbox 218 1680 1544 1733; baseline 0.002 -14"><span class='ocrx_word' id='word_1_183' title='bbox 218 1682 259 1720; x_wconf 84' lang='grc' dir='ltr'>δὲ</span> <span class='ocrx_word' id='word_1_184' title='bbox 277 1680 531 1731; x_wconf 75' lang='grc' dir='ltr'>φροντίζουσι</span> <span class='ocrx_word' id='word_1_185' title='bbox 547 1680 634 1733; x_wconf 83' lang='grc' dir='ltr'>περὶ</span> <span class='ocrx_word' id='word_1_186' title='bbox 651 1681 877 1721; x_wconf 82' lang='grc' dir='ltr'>τεθνεώτων</span> <span class='ocrx_word' id='word_1_187' title='bbox 894 1681 1022 1721; x_wconf 85' lang='grc' dir='ltr'>αὐτῶν</span> <span class='ocrx_word' id='word_1_188' title='bbox 1038 1683 1392 1732; x_wconf 79' lang='grc' dir='ltr'>βλασφημοῦντες.</span> <span class='ocrx_word' id='word_1_189' title='bbox 1423 1682 1544 1733; x_wconf 82' lang='grc' dir='ltr'>χωρὶς</span> 
     </span>
     <span class='ocr_line' id='line_1_29' title="bbox 217 1747 1543 1800; baseline 0.001 -14"><span class='ocrx_word' id='word_1_190' title='bbox 217 1748 258 1786; x_wconf 81' lang='grc' dir='ltr'>δὲ</span> <span class='ocrx_word' id='word_1_191' title='bbox 274 1747 424 1787; x_wconf 86' lang='grc' dir='ltr'>τούτων</span> <span class='ocrx_word' id='word_1_192' title='bbox 441 1748 673 1798; x_wconf 86' lang='grc' dir='ltr'>ἐνθυμεῖσθε</span> <span class='ocrx_word' id='word_1_193' title='bbox 689 1748 740 1790; x_wconf 85' lang='grc' dir='ltr'>ὡς</span> <span class='ocrx_word' id='word_1_194' title='bbox 756 1748 905 1788; x_wconf 84' lang='grc' dir='ltr'>ἄτοπόν</span> <span class='ocrx_word' id='word_1_195' title='bbox 923 1749 1046 1793; x_wconf 91' lang='grc' dir='ltr'>ἐστιν,</span> <span class='ocrx_word' id='word_1_196' title='bbox 1066 1748 1099 1787; x_wconf 81' lang='grc' dir='ltr'>εἰ</span> <span class='ocrx_word' id='word_1_197' title='bbox 1115 1747 1227 1788; x_wconf 79' lang='grc' dir='ltr'>οὗτος</span> <span class='ocrx_word' id='word_1_198' title='bbox 1243 1750 1311 1787; x_wconf 86' lang='grc' dir='ltr'>τὸν</span> <span class='ocrx_word' id='word_1_199' title='bbox 1327 1747 1478 1800; x_wconf 89' lang='grc' dir='ltr'>πατέρα</span> <span class='ocrx_word' id='word_1_200' title='bbox 1494 1747 1543 1788; x_wconf 88' lang='grc' dir='ltr'>ὡς</span> 
     </span>
     <span class='ocr_line' id='line_1_30' title="bbox 215 1813 1544 1867; baseline 0.002 -15"><span class='ocrx_word' id='word_1_201' title='bbox 215 1814 438 1865; x_wconf 80' lang='grc' dir='ltr'>ἁμαρτόντα</span> <span class='ocrx_word' id='word_1_202' title='bbox 460 1815 514 1856; x_wconf 85' lang='grc' dir='ltr'>εἷς</span> <span class='ocrx_word' id='word_1_203' title='bbox 534 1814 652 1855; x_wconf 85' lang='grc' dir='ltr'>αὑτὸν</span> <span class='ocrx_word' id='word_1_204' title='bbox 676 1813 920 1867; x_wconf 90' lang='grc' dir='ltr'>λοιδορήσει,</span> <span class='ocrx_word' id='word_1_205' title='bbox 949 1816 1012 1854; x_wconf 80' lang='grc' dir='ltr'>διὰ</span> <span class='ocrx_word' id='word_1_206' title='bbox 1036 1815 1085 1854; x_wconf 78' lang='grc' dir='ltr'>τὰ</span> <span class='ocrx_word' id='word_1_207' title='bbox 1111 1814 1260 1855; x_wconf 87' lang='grc' dir='ltr'>ἐκείνου</span> <span class='ocrx_word' id='word_1_208' title='bbox 1285 1814 1544 1866; x_wconf 81' lang='grc' dir='ltr'>ἁμαρτήματα</span> 
     </span>
     <span class='ocr_line' id='line_1_31' title="bbox 214 1880 1543 1935; baseline 0.002 -15"><span class='ocrx_word' id='word_1_209' title='bbox 214 1880 400 1932; x_wconf 85' lang='grc' dir='ltr'>ὑμέτερος</span> <span class='ocrx_word' id='word_1_210' title='bbox 431 1882 596 1932; x_wconf 85' lang='grc' dir='ltr'>πολίτης</span> <span class='ocrx_word' id='word_1_211' title='bbox 621 1881 897 1935; x_wconf 84' lang='grc' dir='ltr'>γεγενημένος.</span> <span class='ocrx_word' id='word_1_212' title='bbox 969 1881 1077 1933; x_wconf 88' lang='grc' dir='ltr'>κάγὼ</span> <span class='ocrx_word' id='word_1_213' title='bbox 1102 1882 1175 1931; x_wconf 78' lang='grc' dir='ltr'>μὲν</span> <span class='ocrx_word' id='word_1_214' title='bbox 1200 1882 1263 1921; x_wconf 79' lang='grc' dir='ltr'>διὰ</span> <span class='ocrx_word' id='word_1_215' title='bbox 1296 1880 1367 1931; x_wconf 79' lang='grc' dir='ltr'>τὴν</span> <span class='ocrx_word' id='word_1_216' title='bbox 1393 1882 1543 1922; x_wconf 83' lang='grc' dir='ltr'>τούτων</span> 
     </span>
     <span class='ocr_line' id='line_1_32' title="bbox 215 1947 1544 2001; baseline 0.002 -15"><span class='ocrx_word' id='word_1_217' title='bbox 215 1947 363 1998; x_wconf 88' lang='grc' dir='ltr'>μητέρα</span> <span class='ocrx_word' id='word_1_218' title='bbox 403 1950 450 1988; x_wconf 79' lang='grc' dir='ltr'>τὰ</span> <span class='ocrx_word' id='word_1_219' title='bbox 494 1950 560 1989; x_wconf 88' lang='grc' dir='ltr'>δύο</span> <span class='ocrx_word' id='word_1_220' title='bbox 603 1949 700 2001; x_wconf 90' lang='grc' dir='ltr'>μέρη</span> <span class='ocrx_word' id='word_1_221' title='bbox 738 1951 807 1999; x_wconf 87' lang='grc' dir='ltr'>τῆς</span> <span class='ocrx_word' id='word_1_222' title='bbox 844 1948 983 1990; x_wconf 84' lang='grc' dir='ltr'>οὐσίας</span> <span class='ocrx_word' id='word_1_223' title='bbox 1020 1948 1262 2000; x_wconf 84' lang='grc' dir='ltr'>ἀφαιρεθείς,</span> <span class='ocrx_word' id='word_1_224' title='bbox 1301 1948 1406 1998; x_wconf 88' lang='grc' dir='ltr'>ὅμως</span> <span class='ocrx_word' id='word_1_225' title='bbox 1445 1949 1544 1999; x_wconf 78' lang='grc' dir='ltr'>ὑμᾶς</span> 
     </span>
     <span class='ocr_line' id='line_1_33' title="bbox 217 2014 1543 2068; baseline 0.001 -15"><span class='ocrx_word' id='word_1_226' title='bbox 217 2015 457 2067; x_wconf 82' lang='grc' dir='ltr'>αἰσχύνομαι</span> <span class='ocrx_word' id='word_1_227' title='bbox 487 2015 622 2068; x_wconf 88' lang='grc' dir='ltr'>λέγειν</span> <span class='ocrx_word' id='word_1_228' title='bbox 659 2016 747 2067; x_wconf 84' lang='grc' dir='ltr'>περὶ</span> <span class='ocrx_word' id='word_1_229' title='bbox 784 2017 935 2065; x_wconf 85' lang='grc' dir='ltr'>ἐκείνης</span> <span class='ocrx_word' id='word_1_230' title='bbox 968 2032 1006 2055; x_wconf 89' lang='grc' dir='ltr'>τι</span> <span class='ocrx_word' id='word_1_231' title='bbox 1035 2018 1228 2066; x_wconf 81' lang='grc' dir='ltr'>φλαῦρον·</span> <span class='ocrx_word' id='word_1_232' title='bbox 1266 2014 1380 2056; x_wconf 75' lang='grc' dir='ltr'>οὗτος</span> <span class='ocrx_word' id='word_1_233' title='bbox 1416 2014 1463 2061; x_wconf 85' lang='grc' dir='ltr'>δ’,</span> <span class='ocrx_word' id='word_1_234' title='bbox 1498 2014 1543 2054; x_wconf 85' lang='grc' dir='ltr'>ὃν</span> 
     </span>
    </p>
   </div>
   <div class='ocr_carea' id='block_1_9' title="bbox 257 2122 1543 2164">
    <p class='ocr_par' dir='ltr' id='par_1_9' title="bbox 257 2122 1543 2164">
     <span class='ocr_line' id='line_1_34' title="bbox 257 2122 1543 2164; baseline -0.002 -9"><span class='ocrx_word' id='word_1_235' title='bbox 257 2133 274 2162; x_wconf 94' lang='lat'>7</span> <span class='ocrx_word' id='word_1_236' title='bbox 301 2124 454 2164; x_wconf 79' lang='grc' dir='ltr'>ἀξιώσετε</span> <span class='ocrx_word' id='word_1_237' title='bbox 474 2124 497 2155; x_wconf 90' lang='lat' dir='ltr'>S</span> <span class='ocrx_word' id='word_1_238' title='bbox 591 2134 628 2163; x_wconf 85' lang='lat'>13</span> <span class='ocrx_word' id='word_1_239' title='bbox 654 2126 704 2156; x_wconf 85' lang='grc' dir='ltr'>καὶ</span> <span class='ocrx_word' id='word_1_240' title='bbox 722 2129 800 2154; x_wconf 89' lang='lat' dir='ltr'>ante</span> <span class='ocrx_word' id='word_1_241' title='bbox 818 2123 999 2155; x_wconf 81' lang='grc' dir='ltr'>διαλυθέντι</span> <span class='ocrx_word' id='word_1_242' title='bbox 1016 2123 1091 2154; x_wconf 88' lang='lat' dir='ltr'>add.</span> <span class='ocrx_word' id='word_1_243' title='bbox 1110 2123 1134 2153; x_wconf 92' lang='lat' dir='ltr'>S</span> <span class='ocrx_word' id='word_1_244' title='bbox 1151 2123 1210 2153; x_wconf 85' lang='lat' dir='ltr'>sed</span> <span class='ocrx_word' id='word_1_245' title='bbox 1229 2122 1360 2153; x_wconf 80' lang='lat' dir='ltr'><strong>lineolis</strong></span> <span class='ocrx_word' id='word_1_246' title='bbox 1372 2122 1519 2153; x_wconf 87' lang='lat' dir='ltr'><strong>deletum</strong></span> <span class='ocrx_word' id='word_1_247' title='bbox 1535 2133 1543 2153; x_wconf 87' lang='lat'>:</span> 
     </span>
    </p>
   </div>
   <div class='ocr_carea' id='block_1_10' title="bbox 1582 557 1599 588">
    <p class='ocr_par' dir='ltr' id='par_1_10' title="bbox 1582 557 1599 588">
     <span class='ocr_line' id='line_1_35' title="bbox 1582 557 1599 588; baseline 0 0"><span class='ocrx_word' id='word_1_248' title='bbox 1582 557 1599 588; x_wconf 88' lang='grc'>5</span> 
     </span>
    </p>
   </div>
   <div class='ocr_carea' id='block_1_11' title="bbox 1581 893 1620 915">
    <p class='ocr_par' dir='ltr' id='par_1_11' title="bbox 1581 893 1620 915">
     <span class='ocr_line' id='line_1_36' title="bbox 1581 893 1620 915; baseline 0 0"><span class='ocrx_word' id='word_1_249' title='bbox 1581 893 1620 915; x_wconf 91' lang='lat'>10</span> 
     </span>
    </p>
   </div>
   <div class='ocr_carea' id='block_1_12' title="bbox 1580 1227 1617 1259">
    <p class='ocr_par' dir='ltr' id='par_1_12' title="bbox 1580 1227 1617 1259">
     <span class='ocr_line' id='line_1_37' title="bbox 1580 1227 1617 1259; baseline 0 0"><span class='ocrx_word' id='word_1_250' title='bbox 1580 1227 1617 1259; x_wconf 86' lang='lat'>15</span> 
     </span>
    </p>
   </div>
   <div class='ocr_carea' id='block_1_13' title="bbox 1577 1564 1617 1586">
    <p class='ocr_par' dir='ltr' id='par_1_13' title="bbox 1577 1564 1617 1586">
     <span class='ocr_line' id='line_1_38' title="bbox 1577 1564 1617 1586; baseline 0.025 -1"><span class='ocrx_word' id='word_1_251' title='bbox 1577 1564 1617 1586; x_wconf 90' lang='lat'>20</span> 
     </span>
    </p>
   </div>
   <div class='ocr_carea' id='block_1_14' title="bbox 1577 1898 1614 1929">
    <p class='ocr_par' dir='ltr' id='par_1_14' title="bbox 1577 1898 1614 1929">
     <span class='ocr_line' id='line_1_39' title="bbox 1577 1898 1614 1929; baseline 0 0"><span class='ocrx_word' id='word_1_252' title='bbox 1577 1898 1614 1929; x_wconf 84' lang='lat'>25</span> 
     </span>
    </p>
   </div>
   <div class='ocr_carea' id='block_1_15' title="bbox 211 2166 1592 2210">
    <p class='ocr_par' dir='ltr' id='par_1_15' title="bbox 211 2166 1592 2210">
     <span class='ocr_line' id='line_1_40' title="bbox 211 2166 1592 2210; baseline -0.001 -13"><span class='ocrx_word' id='word_1_253' title='bbox 211 2177 276 2197; x_wconf 89' lang='lat' dir='ltr'>om.</span> <span class='ocrx_word' id='word_1_254' title='bbox 295 2167 385 2206; x_wconf 86' lang='lat' dir='ltr'><strong>vulg.</strong></span> <span class='ocrx_word' id='word_1_255' title='bbox 513 2177 616 2206; x_wconf 85' lang='lat'>14—15</span> <span class='ocrx_word' id='word_1_256' title='bbox 643 2170 765 2199; x_wconf 82' lang='grc' dir='ltr'>ἐκεῖνον</span> <span class='ocrx_word' id='word_1_257' title='bbox 782 2166 894 2208; x_wconf 81' lang='grc' dir='ltr'>λέγειν</span> <span class='ocrx_word' id='word_1_258' title='bbox 912 2167 936 2197; x_wconf 82' lang='lat' dir='ltr'>F</span> <span class='ocrx_word' id='word_1_259' title='bbox 949 2166 978 2204; x_wconf 99' lang='lat' dir='ltr'>Q</span> <span class='ocrx_word' id='word_1_260' title='bbox 1107 2177 1144 2205; x_wconf 90' lang='lat'>17</span> <span class='ocrx_word' id='word_1_261' title='bbox 1170 2170 1246 2205; x_wconf 87' lang='lat' dir='ltr'><strong>post</strong></span> <span class='ocrx_word' id='word_1_262' title='bbox 1263 2168 1447 2207; x_wconf 80' lang='grc' dir='ltr'>λοιδορῆται</span> <span class='ocrx_word' id='word_1_263' title='bbox 1463 2167 1539 2197; x_wconf 92' lang='lat' dir='ltr'>add.</span> <span class='ocrx_word' id='word_1_264' title='bbox 1589 2208 1592 2210; x_wconf 25' lang='grc' dir='ltr'>Ι</span> 
     </span>
    </p>
   </div>
   <div class='ocr_carea' id='block_1_16' title="bbox 211 2209 1543 2427">
    <p class='ocr_par' dir='ltr' id='par_1_16' title="bbox 211 2209 1543 2427">
     <span class='ocr_line' id='line_1_41' title="bbox 212 2209 1543 2251; baseline -0.002 -9"><span class='ocrx_word' id='word_1_265' title='bbox 212 2213 296 2251; x_wconf 79' lang='grc' dir='ltr'>αὐτῷ</span> <span class='ocrx_word' id='word_1_266' title='bbox 313 2212 401 2249; x_wconf 85' lang='lat' dir='ltr'><strong>vulg.</strong></span> <span class='ocrx_word' id='word_1_267' title='bbox 421 2224 426 2242; x_wconf 90' lang='grc'>;</span> <span class='ocrx_word' id='word_1_268' title='bbox 451 2222 515 2242; x_wconf 86' lang='lat' dir='ltr'>orn.</span> <span class='ocrx_word' id='word_1_269' title='bbox 537 2211 560 2241; x_wconf 88' lang='lat' dir='ltr'>S</span> <span class='ocrx_word' id='word_1_270' title='bbox 573 2211 603 2240; x_wconf 90' lang='lat' dir='ltr'><strong>A</strong></span> <span class='ocrx_word' id='word_1_271' title='bbox 740 2221 778 2249; x_wconf 90' lang='lat'>19</span> <span class='ocrx_word' id='word_1_272' title='bbox 803 2213 989 2250; x_wconf 79' lang='grc' dir='ltr'>διενεχθῶσι</span> <span class='ocrx_word' id='word_1_273' title='bbox 1006 2211 1080 2242; x_wconf 81' lang='grc' dir='ltr'>τοὺς</span> <span class='ocrx_word' id='word_1_274' title='bbox 1097 2212 1234 2251; x_wconf 85' lang='grc' dir='ltr'>πατέρας</span> <span class='ocrx_word' id='word_1_275' title='bbox 1254 2209 1278 2239; x_wconf 84' lang='lat' dir='ltr'>F</span> <span class='ocrx_word' id='word_1_276' title='bbox 1292 2209 1322 2247; x_wconf 94' lang='lat' dir='ltr'>Q</span> <span class='ocrx_word' id='word_1_277' title='bbox 1410 2222 1450 2250; x_wconf 69' lang='grc' dir='ltr'>’γε</span> <span class='ocrx_word' id='word_1_278' title='bbox 1467 2214 1543 2248; x_wconf 86' lang='lat' dir='ltr'>post</span> 
     </span>
     <span class='ocr_line' id='line_1_42' title="bbox 211 2252 1538 2293; baseline -0.002 -7"><span class='ocrx_word' id='word_1_279' title='bbox 211 2255 476 2292; x_wconf 81' lang='grc' dir='ltr'>τελευτήσαντας</span> <span class='ocrx_word' id='word_1_280' title='bbox 493 2254 569 2285; x_wconf 86' lang='lat' dir='ltr'>add.</span> <span class='ocrx_word' id='word_1_281' title='bbox 589 2255 638 2285; x_wconf 83' lang='lat' dir='ltr'>A:</span> <span class='ocrx_word' id='word_1_282' title='bbox 666 2264 731 2285; x_wconf 87' lang='lat' dir='ltr'><strong>orn.</strong></span> <span class='ocrx_word' id='word_1_283' title='bbox 751 2259 828 2284; x_wconf 80' lang='lat' dir='ltr'>cett.</span> <span class='ocrx_word' id='word_1_284' title='bbox 992 2263 1031 2283; x_wconf 86' lang='lat'>21</span> <span class='ocrx_word' id='word_1_285' title='bbox 1059 2253 1167 2293; x_wconf 79' lang='grc' dir='ltr'>οὐδὲν]</span> <span class='ocrx_word' id='word_1_286' title='bbox 1186 2255 1220 2284; x_wconf 80' lang='grc' dir='ltr'>οὐ</span> <span class='ocrx_word' id='word_1_287' title='bbox 1240 2252 1289 2289; x_wconf 75' lang='lat'>5¹,</span> <span class='ocrx_word' id='word_1_288' title='bbox 1306 2262 1392 2283; x_wconf 82' lang='lat' dir='ltr'>corr.</span> <span class='ocrx_word' id='word_1_289' title='bbox 1409 2263 1450 2283; x_wconf 89' lang='lat' dir='ltr'>m.</span> <span class='ocrx_word' id='word_1_290' title='bbox 1471 2258 1538 2284; x_wconf 83' lang='lat' dir='ltr'><strong>ant.</strong></span> 
     </span>
     <span class='ocr_line' id='line_1_43' title="bbox 212 2296 1542 2337; baseline -0.002 -10"><span class='ocrx_word' id='word_1_291' title='bbox 212 2297 245 2328; x_wconf 90' lang='lat' dir='ltr'>in</span> <span class='ocrx_word' id='word_1_292' title='bbox 266 2308 330 2337; x_wconf 84' lang='lat' dir='ltr'>mg.</span> <span class='ocrx_word' id='word_1_293' title='bbox 498 2307 539 2328; x_wconf 87' lang='lat'>22</span> <span class='ocrx_word' id='word_1_294' title='bbox 564 2300 668 2329; x_wconf 82' lang='grc' dir='ltr'>αὐτῶν</span> <span class='ocrx_word' id='word_1_295' title='bbox 685 2308 749 2328; x_wconf 90' lang='lat' dir='ltr'>om.</span> <span class='ocrx_word' id='word_1_296' title='bbox 770 2297 795 2327; x_wconf 82' lang='lat' dir='ltr'>F</span> <span class='ocrx_word' id='word_1_297' title='bbox 811 2297 840 2335; x_wconf 94' lang='lat' dir='ltr'>Q</span> <span class='ocrx_word' id='word_1_298' title='bbox 993 2307 1034 2335; x_wconf 89' lang='lat'>24</span> <span class='ocrx_word' id='word_1_299' title='bbox 1060 2296 1283 2337; x_wconf 80' lang='grc' dir='ltr'>ἁμαρτάνοντα</span> <span class='ocrx_word' id='word_1_300' title='bbox 1301 2296 1366 2326; x_wconf 86' lang='lat' dir='ltr'>SA</span> <span class='ocrx_word' id='word_1_301' title='bbox 1501 2305 1542 2334; x_wconf 87' lang='lat'>25</span> 
     </span>
     <span class='ocr_line' id='line_1_44' title="bbox 212 2339 1541 2380; baseline -0.002 -8"><span class='ocrx_word' id='word_1_302' title='bbox 212 2342 349 2379; x_wconf 84' lang='grc' dir='ltr'>πολίτης</span> <span class='ocrx_word' id='word_1_303' title='bbox 366 2341 516 2380; x_wconf 79' lang='grc' dir='ltr'>ὑμέτερος</span> <span class='ocrx_word' id='word_1_304' title='bbox 534 2341 559 2370; x_wconf 88' lang='lat' dir='ltr'>F</span> <span class='ocrx_word' id='word_1_305' title='bbox 575 2341 604 2379; x_wconf 94' lang='lat' dir='ltr'>Q</span> <span class='ocrx_word' id='word_1_306' title='bbox 783 2343 826 2370; x_wconf 83' lang='lat'>26</span> <span class='ocrx_word' id='word_1_307' title='bbox 850 2345 925 2380; x_wconf 80' lang='lat' dir='ltr'>post</span> <span class='ocrx_word' id='word_1_308' title='bbox 943 2341 1052 2372; x_wconf 83' lang='grc' dir='ltr'>οὐσίας</span> <span class='ocrx_word' id='word_1_309' title='bbox 1069 2341 1145 2370; x_wconf 87' lang='lat' dir='ltr'>add.</span> <span class='ocrx_word' id='word_1_310' title='bbox 1166 2340 1279 2372; x_wconf 83' lang='grc' dir='ltr'>ἀδίκως</span> <span class='ocrx_word' id='word_1_311' title='bbox 1296 2339 1385 2377; x_wconf 85' lang='lat' dir='ltr'><strong>vulg.</strong></span> <span class='ocrx_word' id='word_1_312' title='bbox 1404 2350 1410 2369; x_wconf 92' lang='lat'>:</span> <span class='ocrx_word' id='word_1_313' title='bbox 1434 2349 1498 2370; x_wconf 88' lang='lat' dir='ltr'>om.</span> <span class='ocrx_word' id='word_1_314' title='bbox 1517 2339 1541 2370; x_wconf 91' lang='lat' dir='ltr'>S</span> 
     </span>
     <span class='ocr_line' id='line_1_45' title="bbox 214 2382 1522 2427; baseline -0.002 -12"><span class='ocrx_word' id='word_1_315' title='bbox 214 2383 330 2427; x_wconf 76' lang='grc' dir='ltr'>(πρὸς)</span> <span class='ocrx_word' id='word_1_316' title='bbox 349 2387 426 2423; x_wconf 80' lang='grc' dir='ltr'>ὑμᾶς</span> <span class='ocrx_word' id='word_1_317' title='bbox 446 2385 590 2425; x_wconf 83' lang='lat' dir='ltr'>Dobree,</span> <span class='ocrx_word' id='word_1_318' title='bbox 611 2390 643 2415; x_wconf 82' lang='lat' dir='ltr'>at</span> <span class='ocrx_word' id='word_1_319' title='bbox 661 2385 700 2415; x_wconf 89' lang='lat' dir='ltr'>cf.</span> <span class='ocrx_word' id='word_1_320' title='bbox 720 2384 810 2415; x_wconf 80' lang='lat' dir='ltr'><strong>Xen.</strong></span> <span class='ocrx_word' id='word_1_321' title='bbox 830 2384 895 2414; x_wconf 83' lang='lat' dir='ltr'>An.</span> <span class='ocrx_word' id='word_1_322' title='bbox 916 2384 936 2414; x_wconf 87' lang='lat' dir='ltr'>ii</span> <span class='ocrx_word' id='word_1_323' title='bbox 954 2394 984 2422; x_wconf 84' lang='lat'>3.</span> <span class='ocrx_word' id='word_1_324' title='bbox 1005 2394 1045 2413; x_wconf 81' lang='lat'>22</span> <span class='ocrx_word' id='word_1_325' title='bbox 1136 2394 1176 2422; x_wconf 88' lang='lat'>27</span> <span class='ocrx_word' id='word_1_326' title='bbox 1201 2382 1287 2424; x_wconf 82' lang='grc' dir='ltr'>περὶ]</span> <span class='ocrx_word' id='word_1_327' title='bbox 1307 2382 1381 2424; x_wconf 83' lang='grc' dir='ltr'>ὑπὲρ</span> <span class='ocrx_word' id='word_1_328' title='bbox 1397 2382 1478 2413; x_wconf 83' lang='lat' dir='ltr'>AF¹</span> <span class='ocrx_word' id='word_1_329' title='bbox 1492 2383 1522 2412; x_wconf 96' lang='lat' dir='ltr'>D</span> 
     </span>
    </p>
   </div>
  </div>
 </body>
</html>
