1685 2772
107 146 241 201 xxvu]
515 143 647 190 KAT'
696 150 952 190 ΑΦΟΒΟὙ
1001 151 1034 188 Α

103 260 334 315 ὑπάρχοντι.
406 260 571 316 κάκείνῳ
594 262 667 312 μὲν
692 260 837 302 ἔδωκεν
857 261 899 301 ἐκ
924 264 1004 301 τῶν
1031 261 1135 313 ἐμῶν
1161 261 1439 313 ἑβδομήκοντα

102 331 202 381 μνᾶς
240 327 526 380 καρπώσασθαι
561 331 755 368 τοσοῦτον
788 329 948 382 χρόνον,
984 328 1056 371 ἕως
1090 329 1168 381 ἐγὼ
1202 328 1301 381 ἀνὴρ
1338 329 1440 370 εἶναι

104 395 398 446 δοκιμασθείην,
431 396 536 436 ὅπως
566 394 619 445 μὴ
652 394 700 435 δι’
732 396 942 446 ἐπιθυμίαν
980 394 1196 449 χρημάτων
1232 396 1368 449 χεῖρόν
1401 412 1440 436 τι

103 466 182 503 τῶν
218 463 323 513 ἐμῶν
358 460 607 512 διοικήσειεν·
660 466 909 515 Δημοφῶντι
946 464 988 502 δὲ
1021 462 1094 512 τὴν
1128 461 1225 513 ἐμὴν
1257 462 1438 516 ἀδελφὴν

63 543 82 576 5
104 530 167 570 καὶ
203 528 271 569 δύο
307 527 469 568 τάλαντ’
503 528 615 570 εὐθὺς
649 529 794 569 ἔδωκεν
829 529 952 582 ἔχειν,
988 528 1090 583 αὐτῷ
1128 531 1170 569 δὲ
1206 530 1329 584 τούτῳ
1365 528 1438 580 τὴν

101 594 251 647 μητέρα
273 595 345 646 τὴν
370 594 467 645 ἐμὴν
487 595 549 635 καὶ
574 595 701 647 προῖκ’
722 594 968 648 ὀγδοήκοντα
988 598 1100 647 μνᾶς,
1128 595 1191 636 καὶ
1215 596 1287 647 τὴν
1312 598 1437 638 οἰκίαν

101 659 258 716 (οἰκεῖν)
284 662 347 702 καὶ
372 661 532 702 σκεύεσι
556 665 732 716 χρῆσθαι
756 666 840 704 τοῖς
861 664 983 713 ἐμοῖς,
1007 663 1236 715 ἡγούμενος,
1259 664 1321 704 καὶ
1346 664 1434 704 τού-

101 746 192 771 τους
217 728 270 769 ἔτ’
295 728 551 781 οἰκειοτέρους
571 730 608 770 εἴ
628 747 695 780 μοι
713 729 933 781 ποιήσειεν,
959 731 1028 770 οὐκ
1053 729 1101 770 ἂν
1126 731 1261 783 χεῖρόν
1284 730 1324 782 μ’
1350 732 1433 771 ἐπι·

102 798 361 849 τροπευθῆναι
376 795 519 846 ταύτης
534 798 602 847 τῆς
618 797 856 848 οἰκειότητος
874 796 1212 849 προσγενομένης.
1239 798 1437 849 λαβόντες

45 877 84 901 10
103 864 137 905 δ’
163 863 272 904 οὗτοι
295 866 416 904 ταῦτα
440 867 595 915 πρῶτον
620 864 768 916 σφίσιν
794 864 928 905 αὐτοῖς
955 865 997 904 ἐκ
1022 868 1100 904 τῶν
1125 864 1351 917 χρημάτων,
1375 865 1436 904 καὶ

103 931 176 982 τὴν
200 930 329 981 ἄλλην
355 931 495 971 οὐσίαν
520 930 682 971 ἅπασαν
704 933 1034 985 διαχειρίσαντες,
1058 932 1120 972 καὶ
1146 931 1225 972 δέκ’
1245 931 1310 982 ἔτη
1335 931 1436 982 ἡμᾶς

103 998 473 1051 ἐπιτροπεύσαντες,
511 999 559 1037 τὰ
595 999 667 1048 μὲν
703 997 810 1038 ἄλλα
849 997 962 1039 πάντ’
1000 997 1331 1050 ἀπεστερήκασιν,
1364 997 1436 1048 τὴν

103 1066 231 1107 οἰκίαν
250 1066 291 1105 δὲ
316 1065 378 1104 καὶ
404 1064 631 1114 ἀνδράποδα
650 1063 818 1117 τέτταρα
839 1065 902 1105 καὶ
923 1064 1015 1105 δέκα
1042 1065 1103 1105 καὶ
1128 1066 1314 1117 ἀργυρίου
1336 1067 1435 1116 μνᾶς

103 1131 325 1185 τριάκοντα,
356 1130 533 1182 μάλιστα
567 1132 777 1182 σύμπαντα
811 1131 918 1172 ταῦτ’
951 1133 1006 1173 εἰς
1035 1130 1310 1183 ἑβδομήκοντα
1337 1133 1436 1182 μνᾶς

45 1214 83 1248 15
105 1198 417 1251 παραδεδώκασι.
489 1199 551 1238 καὶ
576 1198 620 1238 τὸ
643 1200 716 1250 μὲν
746 1198 966 1250 κεφάλαιον
990 1202 1069 1238 τῶν
1095 1197 1356 1250 ἀδικημάτων,
1385 1198 1436 1240 ὡς

104 1264 155 1306 ἂν
184 1264 451 1316 συντομώτατ’
481 1266 584 1305 εἴποι
612 1282 681 1311 τις,
718 1265 820 1304 τοῦτ’
853 1266 978 1311 ἔστιν,
1012 1263 1042 1304 ὦ
1074 1264 1212 1317 ἄνδρες
1241 1264 1434 1306 δικασταί·

106 1331 151 1372 τὸ
175 1334 219 1373 δὲ
246 1333 397 1382 πλῆθος
425 1333 493 1381 τῆς
526 1332 664 1373 οὐσίας
697 1333 758 1372 ὅτι
789 1331 891 1372 τοῦτ’
917 1331 964 1382 ἧν
988 1335 1031 1372 τό
1062 1331 1339 1385 καταλειφθέν,
1364 1330 1433 1383 μέ-

107 1415 241 1452 γιστοι
263 1401 336 1450 μὲν
355 1398 463 1439 αὐτοὶ
490 1397 680 1451 μάρτυρές
704 1416 771 1449 μοι
792 1399 1022 1451 γεγόνασιν·
1061 1400 1116 1440 εἰς
1141 1401 1214 1451 γὰρ
1239 1398 1309 1449 τὴν
1335 1415 1433 1450 συμ-

107 1467 248 1519 μορίαν
276 1467 373 1518 ὑπὲρ
406 1467 498 1517 ἐμοῦ
531 1465 797 1517 συνετάξαντο
834 1467 932 1505 κατὰ
962 1467 1032 1507 τὰς
1063 1465 1179 1506 πέντε
1213 1467 1275 1507 καὶ
1308 1467 1437 1506 εἴκοσι

48 1549 88 1571 20
106 1536 207 1585 μνᾶς
232 1534 495 1574 πεντακοσίας
524 1534 701 1586 δραχμὰς
738 1532 953 1585 εἰσφέρειν,
990 1534 1163 1585 ὅσονπερ
1193 1534 1385 1584 Τιμόθεος
1415 1533 1435 1572 ὁ

110 1602 294 1643 Κόνωνος
320 1601 382 1641 καὶ
413 1602 449 1641 οἱ
473 1601 520 1640 τὰ
547 1599 718 1652 μέγιστα
751 1599 981 1651 κεκτημένοι
1005 1598 1184 1651 τιμήματ’
1211 1599 1434 1653 εἰσέφερον·

109 1671 171 1710 δεῖ
199 1670 241 1709 δὲ
273 1669 335 1709 καὶ
365 1667 449 1708 καθ’
478 1668 645 1708 ἕκαστον
676 1669 774 1719 ὑμᾶς
808 1667 976 1706 ἀκοῦσαι
1007 1666 1055 1707 τά
1087 1666 1119 1706 τ’
1145 1668 1284 1719 ἐνεργὰ
1309 1666 1437 1707 αὐτῶν

111 1735 173 1776 καὶ
198 1735 262 1776 ὅσ’
288 1735 336 1786 ἣν
363 1737 465 1789 ἀργὰ
490 1737 552 1776 καὶ
577 1736 675 1776 ὅσου
701 1733 749 1785 ἦν
775 1733 849 1784 ἄξι’
874 1734 1035 1774 ἕκαστα.
1105 1737 1225 1774 ταῦτα
1257 1735 1331 1786 γὰρ
1360 1749 1434 1784 μα-

110 1803 246 1845 θόντες
276 1804 448 1856 ἀκριβῶς
486 1805 658 1849 εἴσεσθε,
693 1802 754 1842 ὅτι
787 1805 864 1841 τῶν
888 1800 1039 1841 πώποτ’
1072 1799 1439 1852 ἐπιτροπευσάντων

50 1880 89 1914 25
109 1869 264 1911 οὐδένες
289 1870 568 1923 ἀναιδέστερον
593 1871 681 1911 οὐδὲ
713 1869 1052 1924 περιφανέστερον
1084 1864 1108 1917 ἢ
1141 1867 1247 1908 οὗτοι
1271 1869 1319 1907 τὰ
1342 1866 1436 1918 ἡμέ-

110 1954 204 1989 τερα
229 1936 501 1988 διηρπάκασιν.
561 1942 715 1988 πρῶτον
739 1940 811 1989 μὲν
837 1938 904 1979 οὖν
933 1937 984 1978 ὡς
1010 1933 1316 1986 συνετιμήσανθ’
1342 1935 1440 1986 ὑπὲρ

112 2005 207 2054 ἐμοῦ
242 2004 384 2055 ταύτην
416 2004 487 2055 τὴν
520 2006 715 2057 εἰσφορὰν
754 2007 808 2048 εἰς
844 2005 916 2056 τὴν
955 2005 1191 2055 συμμορίαν,
1222 1999 1441 2053 παρέξομαι

112 2070 260 2111 τούτων
283 2070 490 2124 μάρτυρας,
511 2070 634 2112 ἔπειθ’
654 2073 714 2112 ὅτι
734 2073 779 2112 οὐ
799 2072 946 2123 πένητα
969 2070 1181 2112 κατέλιπέν
1204 2069 1242 2121 μ’
1268 2069 1288 2108 ὁ
1312 2066 1439 2119 πατὴρ

159 2192 179 2212 2
203 2181 260 2214 ἕως
277 2183 316 2214 ἂν
332 2181 367 2220 F,
385 2182 424 2213 cf.
440 2182 523 2212 xxix
539 2192 581 2221 43
694 2183 716 2213 6
738 2184 799 2222 τὴν
818 2184 897 2222 ἐμὴν
913 2183 954 2215 cs.
974 2184 1056 2213 xxix
1073 2184 1131 2225 43]
1150 2185 1212 2222 τὴν
1227 2182 1386 2223 ἡμετέραν
1408 2180 1440 2212 Α

115 2228 229 2266 προῖκα
245 2225 332 2264 vulg.
350 2237 357 2256 z
401 2239 514 2266 προικα
531 2228 556 2258 6’
576 2225 619 2257 S:
645 2226 759 2265 προῖκά
775 2227 804 2258 τ’
823 2227 963 2257 Bekker
1060 2229 1120 2265 τὴν
1136 2228 1239 2260 οἰκίαν
1255 2227 1351 2258 codd.
1369 2237 1375 2256 :
1399 2227 1440 2261 τῆ

115 2269 199 2311 οἰκίᾳ
216 2269 343 2299 Reiske
388 2278 405 2307 7
423 2271 522 2301 οἰκεῖν
532 2270 609 2301 add.
624 2269 834 2309 Frohberger
847 2270 922 2301 coll.
935 2270 1018 2300 xxix
1035 2279 1078 2309 43
1209 2270 1353 2301 alterum
1370 2259 1437 2309 nal]

117 2313 145 2344 εἶ
165 2313 216 2344 καὶ
245 2312 271 2342 F
421 2313 441 2342 8
466 2313 513 2344 ἔτι
540 2323 604 2344 om.
630 2312 654 2343 S
783 2316 814 2345 εἴ
839 2313 864 2351 (ι
890 2314 924 2344 in
950 2323 1014 2344 ras.
1041 2314 1081 2354 S)
1107 2328 1159 2353 μοι
1186 2314 1276 2345 SA:
1318 2314 1385 2352 ἐμοὶ
1412 2311 1439 2342 F

116 2368 157 2395 με
175 2355 242 2386 SA
256 2354 361 2386 Bekk.
380 2354 508 2387 Anecd.
529 2366 560 2396 p.
581 2365 650 2395 145.
670 2357 733 2387 28:
767 2356 823 2396 ἐμὲ
838 2357 928 2397 vulg.
1040 2368 1062 2397 9
1084 2371 1135 2396 μοι
1148 2363 1224 2396 post
1243 2357 1440 2394 οἰκειότητος

117 2399 194 2429 add.
208 2399 232 2429 S
310 2408 347 2437 17
371 2399 512 2430 alterum
528 2401 566 2431 τὸ
575 2410 639 2430 om.
653 2399 684 2430 A
772 2410 812 2431 21
838 2401 1004 2439 τιμήματα
1019 2400 1062 2439 Α,
1078 2401 1119 2432 cs.
1134 2401 1217 2431 xxix
1227 2402 1270 2431 60
1288 2413 1295 2431 τ
1319 2402 1442 2440 τίμημα

119 2441 162 2474 S:
188 2442 307 2481 τιμητὰ
325 2442 351 2473 F
461 2444 503 2474 28
528 2443 624 2475 ἔπειθ’
642 2443 738 2489 ςοάἀ.
753 2455 759 2462 ·
783 2443 822 2476 'lv'
841 2445 938 2482 εἰδῆθ’
957 2443 1057 2475 Blass
1147 2443 1339 2476 κατέλειπεν
1358 2443 1382 2474 S

1319 2494 1354 2526 1*

1469 927 1582 985 [815]
