1685 2772
121 157 245 215 [900]

203 294 248 327 24

205 764 246 800 25

207 1426 250 1459 26

134 1486 249 1542 [901]

208 2034 253 2070 27

681 161 1215 217 [ΔΗΜΟΣΘΕΝΟΎΣ]
1455 162 1612 218 [xxxm

278 279 466 331 γνώσεως
491 277 704 330 γενομένης
725 277 939 329 ἐπράττετο
964 277 1036 328 τὴν
1061 277 1228 329 ἐγγύην;
1259 277 1304 317 οὐ
1328 279 1403 330 γὰρ
1428 277 1473 328 δὴ
1500 279 1616 318 τοῦτό

279 345 315 398 γ’
341 346 444 400 αὐτῷ
471 345 529 385 ἔνι
561 346 697 390 εἰπεῖν,
726 344 778 386 ὡς
807 346 869 384 διὰ
900 344 973 394 τὴν
1005 344 1101 396 πρὸς
1131 346 1197 395 ἐμὲ
1231 346 1372 397 φιλίαν
1402 345 1519 385 ὤκνει
1546 362 1613 396 μοι

279 411 541 466 ἀπεχθέσθαι.
594 411 710 453 αὐτὸς
735 413 812 464 γὰρ
837 410 1125 463 εἰσεπέπρακτο
1143 410 1206 452 ὑπ’
1229 413 1323 462 ἐμοῦ
1349 411 1445 462 πρὸς
1465 412 1613 465 ἔχθραν

278 481 348 521 τὰς
372 479 507 532 χιλίας
532 480 709 532 δραχμὰς
735 480 802 519 τὰς
829 482 898 518 τοῦ
924 477 1216 530 Παρμένοντος,
1246 478 1308 518 καὶ
1339 477 1395 518 ὅτ’
1427 477 1615 531 ἐξώρμιζε

279 546 350 596 τὴν
388 549 484 586 ναῦν
521 546 795 596 ἐπιβουλεύων
825 546 1045 597 ἀποδρᾶναι
1076 546 1138 586 καὶ
1168 546 1443 597 ἀποστερῆσαι
1475 545 1520 585 τὸ
1550 546 1614 586 ἐπὶ
1635 566 1652 597 5

279 613 351 663 τὴν
375 612 572 664 τράπεζαν
598 612 736 666 χρέως,
760 613 939 662 ἐκωλύθη
959 611 1022 652 ὑπ’
1049 614 1154 663 ἐμοῦ.
1210 613 1314 652 ὥστε
1335 613 1367 652 εἰ
1393 612 1440 662 ἦν
1464 612 1611 664 ἠγγυη-

279 679 397 731 μένος
422 680 500 731 ἐγὼ
525 679 595 720 τὸν
620 678 895 730 Παρμένοντα,
923 679 990 719 οὐκ
1016 678 1063 719 ἂν
1083 680 1198 733 τρίτῳ
1221 679 1301 719 ἔτει
1317 679 1499 731 ὕστερον,
1521 678 1613 719 ἀλλ’

283 747 396 788 εὐθὺς
424 747 513 786 τότε
542 745 799 797 εἰσέπραττεν
831 746 878 786 ἄν
908 763 957 796 με
986 745 1057 796 τὴν
1087 746 1244 798 ἐγγύην.
1315 746 1422 786 ἀλλὰ
1453 745 1500 796 νὴ
1537 747 1615 786 Δία

283 813 456 866 εὐπόρως
481 813 659 858 διέκειτο,
687 812 781 852 ὥστ’
809 812 1014 866 ἐνεδέχετο
1044 813 1147 867 αὐτῷ
1175 813 1237 853 καὶ
1266 813 1434 865 ὕστερον
1459 812 1521 852 ἐπ’
1548 814 1616 863 ἐμὲ

282 882 427 926 ἐλθεῖν,
454 881 543 921 τότε
568 880 600 920 δ’
622 881 812 932 ἀσχόλως
838 879 944 933 εἶχεν
968 880 1057 932 περὶ
1083 879 1296 931 ἀναγωγὴν
1321 880 1386 919 ὤν.
1436 881 1543 920 ἀλλὰ
1568 879 1616 920 δι’
1638 899 1678 920 10

282 949 448 1000 ἀπορίαν
475 946 692 998 ἐξειστήκει
717 951 794 987 τῶν
815 949 952 987 ἑαυτοῦ
973 947 1034 987 καὶ
1053 946 1125 997 τὴν
1145 950 1238 986 ναῦν
1259 946 1481 999 ἐπεπράκει.
1529 948 1563 987 εἰ
1583 946 1616 986 δ’

280 1014 357 1066 ἄρα
382 1015 562 1065 ἐμποδών
587 1031 624 1054 τι
648 1014 750 1068 αὐτῷ
777 1013 935 1066 ἐγένετο
961 1017 1029 1054 τοῦ
1047 1013 1099 1065 μὴ
1120 1013 1233 1055 εὐθὺς
1252 1014 1341 1054 τότε
1360 1013 1613 1060 δικάσασθαι,

282 1083 346 1122 διὰ
384 1083 425 1121 τί
458 1081 625 1133 πέρυσιν
663 1082 876 1131 ἐπιδημῶν,
916 1080 968 1132 μὴ
1008 1082 1068 1120 ὅτι
1111 1079 1364 1126 δικάσασθαι,
1405 1080 1496 1121 ἀλλ’
1536 1080 1616 1121 οὐδ’

283 1147 500 1200 ἐγκαλέσαι
524 1165 592 1199 μοι
617 1148 861 1198 ἐτόλμησεν,·
903 1149 1026 1187 καίτοι
1057 1150 1270 1200 προσῆκεν,
1299 1149 1333 1188 εἰ
1353 1148 1373 1186 ὁ
1401 1149 1474 1198 μὲν
1505 1150 1613 1200 Παρ-

281 1215 411 1266 μένων
459 1214 638 1267 ὠφλήκει
685 1215 786 1269 αὐτῷ
829 1214 901 1264 τὴν
943 1216 1065 1264 δίκην,
1111 1215 1189 1266 ἐγὼ
1229 1217 1271 1254 δὲ
1318 1214 1512 1266 ἐγγυητὴς
1554 1214 1614 1265 ἧν,
1639 1230 1677 1262 15

281 1284 522 1334 προσελθεῖν
555 1282 675 1322 αὐτόν
703 1299 769 1332 μοι
801 1282 947 1335 ἔχοντα
978 1281 1175 1333 μάρτυρας
1206 1281 1268 1321 καὶ
1301 1281 1518 1331 ἀπαιτῆσαι
1545 1280 1618 1331 τὴν

285 1349 444 1401 ἐγγύην,
473 1350 506 1389 εἰ
534 1348 586 1399 μὴ
619 1348 873 1400 προπέρυσιν,
902 1350 945 1388 ἐν
975 1352 1028 1402 τῷ
1053 1347 1256 1398 ἐξελθόντι
1282 1349 1456 1402 ἐνιαυτῷ·
1496 1348 1558 1387 καὶ
1584 1349 1618 1388 εἶ

280 1417 354 1467 μὲν
380 1415 481 1469 αὐτῷ
508 1416 728 1460 ἀπεδίδουν,
752 1416 1008 1466 κομίσασθαι,
1032 1416 1065 1455 εἰ
1091 1417 1133 1454 δὲ
1156 1413 1222 1465 μή,
1250 1414 1490 1464 δικάζεσθαι.
1539 1418 1618 1454 τῶν

282 1484 357 1535 γὰρ
374 1482 559 1522 τοιούτων
576 1481 835 1534 ἐγκλημάτων
855 1483 1046 1534 πρότερον
1071 1483 1139 1524 τὰς
1157 1481 1392 1532 ἀπαιτήσεις
1417 1485 1619 1521 ποιοῦνται

284 1549 454 1591 ἅπαντες
487 1546 509 1599 ἢ
544 1548 775 1598 δικάζονται.
832 1550 900 1589 οὐκ
934 1550 1045 1589 ἔστιν
1077 1550 1209 1589 τοίνυν
1242 1549 1353 1589 ὅστις
1377 1547 1618 1600 μαρτυρήσει
1639 1563 1679 1585 20

284 1615 591 1668 παραγενέσθαι,
614 1617 713 1655 ὅπου
734 1616 846 1658 οὗτος
866 1613 889 1665 ἢ
910 1615 1076 1667 πέρυσιν
1095 1612 1118 1665 ἢ
1140 1615 1385 1667 προπέρυσιν
1405 1615 1619 1655 ἐδικάσατό

282 1700 350 1735 μοι
373 1680 396 1733 ἢ
421 1683 545 1734 λόγον
571 1683 748 1723 ὁντινοῦν
774 1681 990 1733 ἐποιήσατο
1022 1686 1119 1733 πρὸς
1148 1684 1216 1733 ἐμὲ
1250 1683 1339 1733 περὶ
1362 1683 1416 1722 ὧν
1441 1683 1530 1722 νυνί
1550 1699 1617 1733 μοι

284 1749 491 1799 δικάζεται.
539 1750 599 1789 ὅτι
624 1749 657 1788 δ’
684 1750 870 1801 ἐπεδήμει
895 1749 1074 1800 πέρυσιν,
1093 1750 1158 1789 ὅτε
1184 1751 1224 1790 αἱ
1248 1750 1352 1790 δίκαι
1376 1748 1494 1799 ἦσαν,
1510 1747 1620 1800 λαβέ

283 1834 352 1868 μοι
379 1816 449 1867 τὴν
473 1816 699 1868 μαρτυρίαν.

846 1938 1058 1966 ΜΑΡΤΎΡΙΑ.
1640 1951 1656 1973 2
1661 1949 1679 1982 5

352 2021 468 2069 Λαβὲ
510 2018 554 2068 δή
596 2036 662 2069 μοι
706 2020 768 2059 καὶ
807 2018 876 2059 τὸν
917 2019 1050 2069 νόμον,
1091 2017 1134 2060 ὃς
1173 2018 1325 2059 κελεύει
1362 2020 1432 2060 τὰς
1473 2018 1618 2070 ἐγγύας

285 2086 481 2126 ἐπετείους
516 2085 627 2126 εἶναι.
701 2086 761 2125 καὶ
790 2086 858 2126 οὐκ
891 2085 1140 2139 ἰσχυρίζομαι
1169 2089 1222 2139 τῷ
1253 2086 1372 2139 νόμῳ,
1406 2085 1456 2126 ὡς
1486 2085 1531 2124 οὐ
1560 2087 1621 2125 δεῖ

332 2206 345 2226 1
373 2195 551 2236 ἐπράττετο
571 2196 595 2227 S
613 2208 620 2226 :
645 2195 874 2237 εἰσεπράττετο
892 2195 983 2235 vulg.
1116 2205 1136 2234 3
1161 2194 1359 2236 ἀπεχθέσθαι
1377 2200 1455 2235 post
1474 2194 1614 2226 Felicia-

287 2250 365 2269 num
385 2239 551 2270 Dindorf:
576 2239 754 2280 ἀπέχεσθαι
771 2240 858 2278 vulg.
878 2251 883 2271 :
912 2240 1148 2280 ἀπεχθάνεσθαι
1165 2239 1196 2268 Α
1343 2238 1436 2271 οὗτος
1451 2241 1514 2280 γὰρ
1532 2237 1570 2268 F1
1584 2238 1615 2268 D

285 2284 306 2312 6
332 2284 570 2323 ἐγγεγυημένος
590 2284 612 2313 S
627 2284 715 2322 vulg.
733 2295 739 2314 z
766 2282 963 2324 ἐγγυημένος
976 2283 1006 2313 Α
1095 2284 1115 2312 8
1139 2282 1194 2323 με]
1208 2284 1289 2322 μετὰ
1301 2282 1325 2313 S
1418 2293 1456 2313 12
1483 2282 1614 2323 ἐγένετο

287 2326 370 2357 SA:
398 2327 544 2367 ἐγεγόνει
561 2327 649 2366 vulg.
876 2337 911 2366 17
937 2326 1137 2367 πρωπέρυσιν
1155 2327 1260 2357 Bekk.
1280 2326 1408 2356 Anecd.
1435 2337 1465 2365 p.
1491 2328 1544 2357 60.
1570 2336 1612 2364 32

286 2380 323 2400 21
350 2371 369 2407 ἢ
385 2370 580 2411 προπέρυσιν
598 2370 621 2400 S
636 2370 666 2400 A
680 2370 710 2400 D
730 2369 813 2411 Ργρ.
831 2370 939 2411 Ωγρ.;
964 2380 1027 2400 om.
1043 2369 1081 2400 F¹
1095 2369 1140 2408 ΩΙ
1210 2380 1252 2400 22
1276 2383 1327 2408 μοι
1346 2374 1423 2408 post
1441 2369 1611 2401 ἐδικάσατο

286 2414 360 2443 add.
374 2413 462 2452 vulg.
481 2424 487 2442 :
512 2424 574 2445 om.
592 2415 615 2444 S
633 2414 666 2443 in
685 2414 752 2443 fine
764 2424 900 2444 versus:
921 2414 1092 2445 ἐδικάσατο
1106 2415 1126 2451 ἢ
1138 2414 1218 2444 secl.
1236 2413 1334 2443 Blass
1477 2423 1517 2451 27
1543 2415 1612 2444 ἐπε-

287 2457 373 2489 riuus
392 2457 414 2486 S
436 2467 493 2497 gex
513 2458 700 2495 ἐπαιτίους),
716 2457 747 2486 Α
837 2459 892 2488 οὐκ
911 2457 998 2497 ι’σχ.]
1017 2458 1077 2497 οὐχ
1096 2458 1163 2496 ι’σχ.
1186 2457 1210 2487 S
1229 2469 1235 2486 :
1261 2459 1295 2487 οὐ
1309 2460 1408 2496 διισχ.
1430 2455 1459 2486 Α
