1685 2772
124 119 259 174 xxxn]
485 124 650 162 ΠΡΟΣ
698 123 1092 162 ΖΗΝΟΘΕΜΙΝ

89 225 270 284 [rothom
299 233 362 273 καὶ
387 236 455 273 τοῦ
490 233 580 285 παρ’
605 233 715 284 ἡμῶν
747 233 1021 284 συμπλέοντος
1055 232 1358 275 ἐναντιωθέντος
1388 234 1451 273 καὶ

119 304 202 342 τοῖς
238 301 397 342 ναύταις
433 301 613 351 μισθούς,
655 302 688 341 εἰ
730 299 966 355 διασῴσειαν
1001 300 1073 350 τὴν
1108 304 1215 347 ναῦν,
1253 299 1450 352 μεγάλους

119 367 472 420 ἐπαγγειλαμένου,
501 368 697 418 σωθείσης
734 369 788 410 εἷς
827 369 1115 420 Κεφαλληνίαν
1149 371 1217 417 τῆς
1255 368 1350 408 νεὼς
1387 369 1449 407 διὰ

118 434 209 476 τοὺς
234 434 346 476 θεοὺς
369 434 548 485 μάλιστά
566 451 624 486 γε,
645 434 728 475 εἶτα
753 435 816 475 καὶ
841 436 905 475 διὰ
929 435 1000 485 τὴν
1019 438 1098 475 τῶν
1122 438 1273 475 ναυτῶν
1293 433 1447 486 ἀρετήν,

81 512 98 543 5
118 500 241 542 πάλιν
259 503 358 552 μετὰ
373 505 452 542 τῶν
469 504 782 542 Μασσαλιωτῶν
800 505 878 542 τῶν
895 505 964 541 τοῦ
986 501 1261 554 ςΗγεστράτου
1275 505 1450 542 πολιτῶν

117 567 169 619 μὴ
196 572 412 609 καταπλεῖν
437 568 629 619 Ἀθήναζε
652 568 697 609 τὸ
724 572 865 609 πλοῖον
897 568 1076 620 ἔπραττε,
1103 568 1234 620 λέγων
1261 568 1311 610 ὡς
1335 567 1450 609 αὐτός

117 651 160 674 τε
187 635 312 675 καὶτὰ
337 634 506 688 χρήματ’
533 635 683 676 ἐκεῖθέν
717 637 819 681 ἐστι,
848 635 911 675 καὶ
940 637 960 675 ὁ
997 636 1216 687 ναύκληρος
1242 637 1298 685 εἵη
1326 635 1388 674 καὶ
1413 636 1449 674 οἱ

118 702 383 744 δεδανεικότες
417 705 729 742 Μασσαλιῶται.
789 703 1001 755 ἀποτυχὼν
1031 704 1073 743 δὲ
1107 703 1169 742 καὶ
1203 702 1354 748 τούτου,
1389 701 1452 741 καὶ

117 772 194 809 τῶν
219 769 424 822 ἀρχόντων
443 773 521 809 τῶν
547 771 589 809 ἐν
613 774 661 825 τῇ
679 769 946 822 Κεφαλληνίᾳ
966 769 1144 821 γνόντων
1168 767 1361 818 Ἀθήναζε
1379 768 1450 818 τὴν

60 852 99 874 10
118 838 212 875 ναῦν
233 839 462 882 καταπλεῖν,
489 837 656 888 ὅθενπερ
683 835 851 889 ἀνήχθη,
878 835 922 876 ὃν
949 836 1029 876 οὐδ’
1053 835 1101 876 ἂν
1121 836 1175 877 εἷς
1201 837 1333 875 ἐλθεῖν
1351 833 1450 877 οἴετο

61 1180 96 1212 Ι5

118 904 230 954 δεῦρο
262 905 463 954 τολμῆσαι
487 902 648 943 τοιαῦτά
681 902 718 955 γ’
744 902 1067 955 ἐσκευωρημένον
1098 903 1160 942 καὶ
1193 902 1447 952 πεποιηκότα,

118 969 243 1015 οὗτος,
270 966 299 1009 ὦ
324 969 462 1022 ἄνδρες
487 969 705 1020 Ἀθηναῖοι,
733 973 927 1010 τοσοῦτον
951 968 1257 1021 ὑπερβέβληκεν
1275 968 1450 1023 ἀναιδείᾳ

118 1036 181 1076 καὶ
205 1036 346 1092 τόλμῃ,
380 1036 475 1077 ὥστ’
505 1037 572 1077 οὐκ
610 1036 807 1087 ἐλήλυθεν
831 1037 966 1088 μόνον,
1002 1037 1108 1076 ἀλλὰ
1142 1037 1204 1076 καὶ
1233 1040 1301 1076 τοῦ
1337 1037 1449 1076 σίτου

117 1106 187 1143 τοῦ
209 1102 400 1155 ἡμετέρου
427 1103 750 1156 ἀμφισβητήσας
773 1104 869 1154 ἡμῖν
893 1105 1003 1153 δίκην
1028 1104 1309 1155 προσείληχεν.
1322 1157 1338 1161 „

183 1170 237 1209 Τί
258 1170 326 1210 οὖν
350 1170 436 1210 ποτ’
456 1172 568 1211 ἐστὶν
592 1171 637 1211 τὸ
663 1173 802 1217 αἴτιον,
826 1170 888 1210 καὶ
913 1173 965 1225 τῷ
990 1169 1075 1211 ποτ’
1096 1169 1313 1222 ἐπηρμένος
1339 1169 1450 1211 οὗτος

117 1236 180 1276 καὶ
207 1236 402 1288 ἐλήλυθεν
429 1238 491 1277 καὶ
516 1238 588 1288 τὴν
614 1239 725 1288 δίκην
755 1239 938 1291 εἵληχεν,·
977 1237 1055 1290 ἐγὼ
1080 1238 1171 1288 ὑμῖν
1198 1238 1286 1289 ἐρῶ,
1312 1236 1450 1289 ἄνδρες

117 1305 313 1350 δικασταί,
342 1305 564 1358 ἀχθόμενος
589 1307 662 1356 μὲν
698 1305 744 1356 νὴ
774 1305 844 1345 τὸν
871 1305 951 1345 Δία
985 1304 1046 1344 καὶ
1081 1304 1203 1350 θεούς,
1232 1304 1448 1356 ἀναγκαζό-

116 1387 234 1421 μενος
259 1370 314 1411 δέ.
374 1371 485 1412 ἔστιν
511 1371 753 1424 ἐργαστήρια
771 1375 985 1426 μοχθηρῶν
1011 1372 1228 1423 ἀνθρώπων
1254 1388 1447 1421 συνεστη-

119 1438 244 1478 κότων
274 1439 317 1478 ἐν
336 1442 390 1493 τῷ
412 1442 603 1491 Πειραιεῖ·
643 1440 708 1481 οὓς
729 1439 809 1480 οὐδ’
826 1441 935 1490 ὑμεῖς
952 1438 1162 1491 ἀγνοήσετ’
1183 1439 1345 1480 ἰδόντες.
1407 1440 1450 1478 ἐκ

58 1518 99 1541 20
117 1505 267 1545 τούτων
292 1505 373 1551 ἕνα,
401 1505 508 1560 ἡνίχ’
535 1506 647 1548 οὗτος
667 1507 860 1558 ἔπραττεν
876 1508 982 1548 ὅπως
1004 1506 1027 1556 ἡ
1049 1509 1140 1547 ναῦς
1159 1505 1210 1556 μὴ
1230 1504 1449 1546 καταπλεύ-

119 1587 234 1612 σεται
258 1575 384 1623 δεῦρο,
411 1573 665 1624 πρεσβευτὴν
691 1575 733 1613 ἐκ
758 1575 911 1625 βουλῆς
943 1590 1032 1613 τινα
1057 1572 1319 1624 λαμβάνομεν
1345 1572 1445 1624 γνώ-

118 1655 231 1689 ριμον
255 1639 414 1685 οὑτωσί,
443 1640 465 1678 ὅ
489 1656 526 1679 τι
550 1639 583 1679 δ’
600 1638 647 1690 ἦν
665 1640 733 1680 οὐκ
754 1641 913 1685 εἰδότες,
936 1639 1103 1692 ἀτύχημ’
1128 1640 1243 1679 οὐδὲν
1267 1640 1447 1686 ἔλαττον,

119 1706 152 1744 εἰ
172 1705 256 1745 οἷόν
274 1704 308 1744 τ’
328 1707 465 1752 εἰπεῖν,
487 1705 759 1760 ἀτυχήσαντες
777 1704 800 1757 ἢ
821 1707 865 1747 τὸ
885 1705 932 1757 ἐξ
953 1708 1078 1761 ἀρχῆς
1097 1709 1281 1758 πονηροῖς
1297 1706 1446 1758 ἀνθρώ-

119 1787 207 1813 ποις
244 1772 466 1824 συμμεῖξαι.
531 1773 644 1815 οὗτος
674 1775 694 1813 ὁ
723 1775 920 1826 πεμφθεὶς
951 1773 1020 1825 ὑφ’
1045 1774 1156 1824 ἡμῶν
1179 1772 1449 1825 (Ἀριστοφῶν

60 1852 98 1883 25
118 1837 227 1889 ὄνομ’
252 1838 381 1893 αὐτῷ),
409 1839 452 1881 ὃς
478 1840 540 1880 καὶ
565 1842 613 1879 τὰ
649 1844 717 1881 τοῦ
743 1841 1024 1882 Μικκαλίωνος
1055 1840 1251 1893 πράγματ’
1278 1840 1448 1880 ἐσκευώ-

117 1921 232 1957 ρηται
271 1904 407 1956 (ταῦτα
442 1908 517 1958 γὰρ
554 1911 624 1947 νῦν
662 1905 880 1959 ἀκούομεν),
918 1907 1198 1960 ἠργολάβηκεν
1236 1906 1351 1948 αὐτὸς
1386 1906 1449 1946 καὶ

120 1971 436 2024 κατεπήγγελται
473 1975 625 2028 τουτῳί,
667 1974 730 2014 καὶ
765 1975 867 2016 ὅλως
907 1974 1018 2014 ἐστὶν
1044 1975 1064 2013 ὁ
1103 1974 1232 2015 πάντα
1267 1973 1448 2026 πράττων

169 2091 181 2111 Ι
209 2080 433 2120 συμπλέοντος
451 2083 492 2113 cf.
512 2083 617 2112 xxxiv
634 2084 685 2123 26,
708 2093 802 2112 xxxv
821 2082 878 2123 33]
899 2082 1098 2122 ἐμπλέοντος
1114 2082 1146 2112 Α
1302 2084 1448 2114 ἐναντιω-

121 2124 231 2158 θέντος
247 2135 312 2155 om.
333 2125 364 2155 A
382 2127 433 2157 καὶ
450 2135 542 2165 sequ.
554 2136 652 2156 eraso
719 2136 738 2155 2
762 2126 892 2166 μισθούς
910 2137 974 2158 om.
995 2126 1018 2156 S
1033 2137 1040 2156 ε
1058 2131 1133 2165 post
1151 2128 1227 2158 ναῦν
1237 2125 1356 2157 colloc.
1369 2126 1445 2156 edd.

120 2167 217 2199 Turr.
229 2178 305 2199 cum
321 2168 345 2198 F
356 2168 386 2207 Q
476 2172 669 2201 διασωσειαν
687 2169 710 2200 S
726 2181 732 2201 :
758 2171 951 2202 διασώσαιεν
962 2169 1053 2209 vulg.
1143 2180 1162 2208 3
1188 2169 1394 2210 Κεφαληνῖαν
1411 2168 1445 2207 S,

120 2211 155 2242 it.
174 2221 196 2250 9
212 2213 399 2254 Κεφαληνίᾳ
532 2214 609 2244 νεὼς
626 2214 666 2245 ὡς
683 2211 707 2242 5
865 2224 883 2250 4
909 2214 961 2244 καὶ
979 2223 1042 2243 om.
1064 2213 1089 2243 F
1102 2212 1131 2251 Q
1145 2212 1174 2242 D
1334 2213 1372 2242 16
1396 2213 1448 2244 καὶ

122 2255 261 2293 ἐλήλυθε
276 2255 365 2294 vulg.
382 2267 388 2286 z
414 2256 667 2295 κατελήλυθε(ν)
687 2254 752 2294 SQ
768 2266 774 2286 ε
797 2258 827 2287 τ’
846 2257 1004 2294 ἐλήλυθεν
1022 2256 1052 2286 D
1172 2257 1210 2286 18
1236 2256 1449 2297 ἐργαστήριον

120 2296 153 2327 Α
287 2308 327 2338 19
350 2299 538 2339 ἆγνοήσαιτ’
557 2299 589 2328 Α
606 2299 722 2337 (Blass
739 2300 776 2331 ἂν
794 2299 920 2338 addito)
1054 2309 1096 2329 20
1120 2299 1384 2337 καταπλεύσηται
1404 2297 1427 2328 S
1440 2309 1446 2316 ·

121 2344 394 2374 καταπλευσεῖται
421 2342 510 2381 vulg.
542 2342 658 2382 (etiam
689 2342 734 2372 A*
914 2352 955 2371 22
979 2342 1019 2380 ἣν
1043 2342 1090 2372 S:
1125 2342 1165 2380 ἧν
1188 2345 1331 2374 τοιοῦτος
1356 2341 1444 2379 vulg.

122 2387 260 2416 ειδοντες
277 2384 302 2415 S
455 2386 580 2418 οὐδενὸς
596 2385 627 2415 Α
645 2385 811 2424 (Dobree)
964 2395 1004 2424 23
1027 2385 1063 2426 ἢ]
1081 2387 1132 2417 καὶ
1150 2386 1193 2416 S:
1211 2386 1289 2416 secl.
1313 2385 1445 2415 Dobree

121 2427 175 2468 τὸ]
193 2428 233 2459 τό
247 2441 287 2469 γε
303 2428 334 2458 Α
467 2440 507 2467 24
533 2428 624 2461 οὗτος
641 2432 657 2460 ὁ
675 2429 783 2468 Vulg.:
810 2428 902 2461 οὗτος
917 2428 948 2458 Α
963 2440 969 2459 :
994 2431 1102 2461 οὑτοσὶ
1120 2429 1144 2459 S

1483 124 1601 180 [884]

1484 1189 1528 1213 10

1483 1304 1601 1360 [88⁵]

1484 1454 1522 1479 11
