1685 2772
87 88 209 143 [929]
647 91 701 148 [Δ
714 91 1169 146 ΗΜΟΣΘΕΝΟΎΣ]
1444 92 1573 147 [xxxv

242 202 462 251 Φασηλίτην
493 201 675 252 ἀγόμενον
709 204 746 238 ἐν
779 204 828 252 τῷ
862 201 981 252 πλοίῳ
1013 203 1051 238 ἐκ
1082 200 1228 249 Μένδης
1258 202 1306 241 εἷς
1334 201 1398 239 τὸν
1428 202 1573 240 Πόντον

242 257 340 294 οἴνου
368 256 555 294 Μενδαίου
579 256 736 305 κεράμια
762 255 984 304 τετρακόσια
1009 255 1249 304 πεντήκοντα,
1272 257 1370 293 ἄλλο
1395 255 1433 294 δὲ
1458 256 1574 305 μηδὲν

243 311 407 360 φορτίον.

298 366 397 414 Πρὸς
417 364 542 402 τούσδ’
556 363 866 413 ἐξεμαρτύρησεν·
888 364 1088 416 Ἀρχιάδης
1103 363 1571 415 ΜνησωνιδουἈχαρνευς,

243 420 461 469 Σώστρατος
474 419 662 456 Φιλίππου
671 418 915 465 “Εστιαιόθεν,
924 420 1136 470 Εὐμάριχος
1149 418 1316 467 Εὐβοίου
1329 419 1570 465 Ἑστιαιόθεν,
1594 436 1611 469 5

242 474 428 523 Φιλτάδης
461 474 630 522 Κτησίου
663 473 884 518 Ξυπεταιών,
918 474 1115 512 Διονύσιος
1159 473 1439 523 Δημοκρατίδου
1471 476 1573 512 Χολ-

243 525 369 579 λῄδης.

168 657 209 682 21
311 642 410 694 Περὶ
439 644 511 692 μὲν
541 641 610 681 οὖν
637 645 705 682 τοῦ
735 641 913 693 πλήθους
944 644 1012 681 τοῦ
1045 642 1163 686 οἴνου,
1196 640 1295 681 ὅσον
1328 641 1407 682 ἔδει
1435 640 1575 684 αὐτοὺς

243 708 428 749 ἐνθέσθαι
469 710 522 750 εἰς
563 708 607 749 τὸ
644 712 798 754 πλοῖον,
838 712 960 748 ταῦτα
994 707 1266 759 διεπράξαντο,
1305 708 1368 748 καὶ
1404 707 1575 760 ἤρξαντο

83 770 208 825 [930]
242 776 354 819 εὐθὺς
389 777 572 816 ἐντεῦθεν
605 775 685 816 ἀπὸ
716 779 785 815 τοῦ
815 776 973 827 πρώτου
1002 773 1279 828 γεγραμμένου
1312 775 1575 827 παραβαίνειν
1597 793 1636 816 10

243 844 305 883 καὶ
342 842 394 893 μὴ
433 847 561 882 ποιεῖν
600 844 647 882 τὰ
685 841 951 895 γεγραμμένα.
1021 842 1121 893 μετὰ
1160 843 1201 881 δὲ
1238 840 1343 881 ταῦτ’
1383 841 1494 882 ἔστιν
1533 842 1576 882 ἐν

241 916 289 966 τῇ
330 910 546 965 συγγραφῇ
585 910 646 950 ὅτι
680 908 939 950 ὑποτιθέασιν
975 913 1099 949 ταῦτα
1130 908 1318 960 ἐλεύθερα
1352 908 1414 949 καὶ
1448 908 1575 949 οὐδενὶ

243 976 355 1017 οὐδὲν
387 977 632 1028 ὀφείλοντες,
666 976 729 1016 καὶ
761 977 821 1017 ὅτι
855 976 935 1017 οὐδ’
969 975 1287 1016 ἐπιδανείσονται
1323 976 1388 1016 ἐπὶ
1424 976 1576 1018 τούτοις

244 1044 332 1095 παρ’
349 1044 518 1086 οὐδενός.
560 1047 681 1083 ταῦτα
701 1042 910 1096 διαρρήδην
929 1042 1160 1096 γέγραπται,
1179 1041 1208 1082 ὦ
1226 1042 1362 1094 ἄνδρες
1379 1044 1573 1083 δικασταί.

167 1127 211 1151 22
244 1112 351 1151 οὗτοι
376 1113 417 1151 δὲ
442 1111 482 1151 τί
504 1111 715 1161 ἐποίησαν,·
754 1109 1029 1161 ἀμελήσαντες
1054 1114 1134 1150 τῶν
1157 1109 1441 1162 γεγραμμένων
1461 1112 1503 1150 ἐν
1528 1115 1575 1167 τῇ
1598 1126 1635 1159 15

244 1183 460 1235 συγγραφῇ
484 1178 725 1228 δανείζονται
750 1177 855 1229 παρά
879 1194 984 1219 τινος
1010 1177 1231 1222 νεανίσκου,
1254 1175 1576 1227 ἐξαπατήσαντες

243 1245 294 1287 ὡς
319 1245 448 1286 οὐδενὶ
473 1245 585 1285 οὐδὲν
610 1245 856 1297 ὀφείλοντες·
895 1245 958 1285 καὶ
982 1244 1083 1295 ἡμᾶς
1109 1261 1152 1285 τε
1171 1244 1492 1296 παρεκρούσαντο
1513 1245 1576 1285 καὶ

243 1312 388 1352 ἔλαθον
427 1311 704 1362 δανεισάμενοι
745 1311 808 1352 ἐπὶ
846 1315 928 1353 τοῖς
969 1310 1188 1363 ἡμετέροις,
1232 1312 1382 1352 ἐκεῖνόν
1423 1329 1465 1352 τε
1507 1314 1575 1351 τὸν

244 1380 453 1420 νεανίσκον
477 1378 545 1419 τὸν
565 1380 804 1419 δανείσαντα
823 1377 1080 1429 ἐξηπάτησαν
1101 1379 1151 1420 ὡς
1173 1377 1232 1418 ἐπ’
1252 1378 1475 1429 ἐλευθέροις
1494 1382 1575 1420 τοῖς

243 1445 444 1499 χρήμασιν
469 1447 747 1497 δανειζόμενοι·
785 1449 946 1486 τοιαῦτα
970 1447 1119 1486 τούτων
1147 1446 1260 1486 ἐστὶν
1284 1447 1332 1486 τὰ
1359 1445 1574 1499 κακουργή-
1599 1466 1638 1488 20

243 1530 359 1564 ματα.
410 1515 528 1553 ταῦτα
547 1515 588 1554 δὲ
608 1512 720 1554 πάντ’
740 1513 851 1553 ἐστὶν
870 1515 918 1553 τὰ
938 1514 1174 1566 σοφίσματα
1193 1514 1390 1565 Λακρίτου
1407 1515 1574 1555 τουτουί.

244 1581 305 1620 ὅτι
343 1582 383 1621 δὲ
419 1581 546 1630 ἀληθῆ
578 1580 685 1632 λέγω
721 1581 784 1621 καὶ
817 1582 1126 1621 ἐπεδανείσαντο
1157 1579 1340 1634 χρήματα
1370 1583 1475 1634 παρὰ
1504 1581 1576 1631 τὴν

246 1646 497 1699 συγγραφήν,
532 1647 747 1700 μαρτυρίαν
777 1648 1052 1700 ἀναγνώσεται
1080 1649 1171 1698 ὑμῖν
1198 1647 1314 1688 αὐτοῦ
1343 1651 1411 1689 τοῦ
1440 1650 1573 1689 ἐπιδα-

171 1728 213 1762 23
246 1715 464 1755 νείσαντος.
514 1714 608 1767 λέγε
633 1714 704 1765 τὴν
727 1717 955 1767 μαρτυρίαν.

289 1835 309 1862 4
340 1823 449 1856 τούσδ’
476 1824 572 1855 Blass
601 1825 675 1857 coll.
704 1829 719 1864 ξ
746 1837 796 1865 34,
825 1827 866 1858 cf.
898 1827 982 1859 Isae.
1012 1827 1045 1857 iii
1071 1837 1122 1867 25,
1149 1827 1311 1858 Aeschin.
1338 1828 1358 1858 ii
1387 1838 1448 1867 19:
1473 1829 1575 1861 τοῖσδ’

247 1868 340 1898 codd.
456 1869 716 1911 ἐξεμαρτύρησεν·
745 1871 956 1910 interpunxit
975 1871 1108 1911 Drerup
1237 1872 1408 1913 Ἀρχιάδης
1427 1872 1574 1904 Reiske:

246 1910 405 1952 Ἀχράδης
422 1912 473 1942 vel
491 1912 668 1954 Ἀχράνδης
685 1914 780 1945 codd.
917 1924 936 1953 5
963 1914 1148 1947 Ἰστιαιόθεν
1164 1915 1270 1953 codd.,
1291 1915 1330 1946 cf.
1352 1915 1516 1946 Meister.⁸
1533 1926 1576 1955 32

246 1965 278 1985 n.
304 1955 364 1984 166
476 1956 654 1997 Εὐμάχιρος
675 1958 774 1989 (corr.
795 1957 831 1988 L.
855 1958 1019 1999 Dindorf)
1039 1982 1046 1989 .
1067 1983 1073 1989 .
1094 1983 1101 1990 .
1123 1958 1311 1990 Ἰστιαιόθεν
1327 1958 1380 1989 A:
1403 1969 1467 1990 om.
1483 1958 1572 1998 vulg.

246 2000 267 2028 6
290 1998 449 2036 Φιλτάδης
482 1999 635 2037 Voemel,
668 2001 840 2032 Kirchner
865 2001 938 2033 coll.
974 2002 1012 2033 C.
1039 2002 1063 2033 Ι.
1092 2001 1133 2032 Α.
1167 2002 1189 2032 ii
1218 2003 1301 2032 812:
1337 2002 1495 2040 Φιατάδης
1525 2003 1575 2034 Α;

247 2041 417 2079 Φιλτιάδης
432 2042 521 2081 vulg.
584 2044 781 2084 Ξυπεταιών]
795 2045 986 2085 ἐξυπεταίων
996 2046 1086 2083 vulg.
1102 2056 1108 2076 ἕ
1134 2046 1317 2086 ξυμπετεών
1328 2044 1359 2074 Α
1413 2046 1576 2083 Χολλίδης

248 2085 357 2122 codd.,
379 2086 418 2115 cf.
440 2086 606 2118 Meister.³
623 2098 663 2126 37
681 2099 713 2119 n.
735 2098 797 2127 207
901 2090 921 2119 8
946 2089 1001 2120 οὖν
1019 2088 1042 2119 S
1057 2100 1063 2119 :
1089 2089 1126 2127 δὴ
1143 2089 1230 2127 vulg.
1336 2090 1449 2121 αὐτοὺς
1467 2088 1529 2120 ἔδει
1546 2088 1578 2118 Α

248 2138 268 2166 9
292 2129 343 2160 Καὶ
360 2130 493 2169 ἤρξαντο
512 2141 576 2161 orn.
598 2130 622 2160 F
635 2131 665 2169 Q
758 2142 797 2162 10
821 2132 1029 2172 παραβαίνειν
1046 2132 1209 2173 ἀρξάμενοι
1229 2131 1294 2170 FQ
1308 2131 1337 2161 D
1438 2142 1476 2170 13
1499 2142 1576 2162 num
1610 2173 1613 2175 -

250 2172 494 2212 ἐνοφείλοντεςῖἶ
535 2175 586 2205 καὶ
605 2175 654 2206 ὅτι
672 2177 728 2206 οὐκ
745 2180 790 2206 A:
817 2177 867 2207 καὶ
884 2175 956 2207 οὐδὲ
975 2175 1040 2213 FQ
1054 2175 1083 2204 D
1147 2184 1184 2214 15
1208 2178 1271 2207 τῶν
1286 2177 1320 2207 ἐν
1332 2177 1373 2218 τῇ
1387 2187 1416 2207 σ.
1434 2188 1576 2216 γεγραμ-

249 2213 350 2254 μένων
370 2215 434 2254 FQ
448 2216 477 2246 D
583 2227 618 2256 17
644 2231 681 2249 τε
699 2228 764 2249 om.
786 2219 818 2248 A
925 2228 964 2258 19
988 2220 1028 2250 ὡς
1046 2218 1132 2248 SA:
1158 2221 1214 2250 οὐκ
1232 2218 1321 2256 vulg.
1434 2228 1476 2249 20
1499 2223 1578 2258 post

251 2258 461 2299 δανειζόμενοι
478 2261 554 2292 add.
574 2264 640 2294 “oss
660 2261 825 2303 ἡμετέροις
842 2261 873 2292 Α
1006 2272 1047 2292 22
1073 2263 1112 2294 τὰ
1129 2262 1281 2303 χρήματα
1298 2261 1322 2293 S
