1685 2772
122 124 256 179 xxvn]
522 124 651 166 KAT’
700 126 961 164 ΑΦΟΒΟΤ
1007 125 1042 163 Α

120 240 288 294 ἀρχαῖον
312 238 375 279 καὶ
400 238 444 278 τὸ
470 238 587 290 ἔργον
611 240 690 277 τῶν
713 235 792 276 δέκ’
814 237 925 282 ἐτῶν,
945 234 1124 287 μάλιστα
1148 234 1235 287 τρία
1257 234 1444 274 τάλαντα.

122 307 185 347 καὶ
217 309 336 346 ταῦτα
367 307 439 356 μὲν
475 306 598 347 οὕτως
633 305 724 355 ὑμῖν
753 304 996 352 ἐπιδείκνυμι
1032 302 1215 352 λαβόντα
1244 301 1305 341 καὶ
1337 301 1446 354 ἔχειν

121 372 428 426 ὁμολογήσαντα
458 372 663 423 μαρτύρων
688 370 868 411 ἐναντίον
903 369 1119 409 τοσούτων·
1157 367 1282 408 ἄλλας
1315 369 1446 408 τοίνυν

121 439 205 493 ἔχει
227 439 436 492 τριάκοντα
459 441 570 490 μνᾶς,
591 441 658 477 τοῦ
684 437 946 489 ἐργαστηρίου
971 436 1113 486 λαβὼν
1138 434 1207 485 τὴν
1231 435 1444 486 πρόσοδον,

81 517 100 550 5
121 506 184 547 καὶ
225 504 552 559 ἀναισχυντότατ’
590 504 807 556 ἀνθρώπων
854 503 1092 555 ἀποστερεῖν
1140 503 1444 555 ἐπικεχείρηκεν.

120 573 206 625 ἐμοὶ
234 573 266 613 δ’
302 574 322 612 ὁ
354 572 480 624 πατὴρ
507 571 719 612 κατέλιπεν
749 570 958 622 τριάκοντα
984 571 1084 621 μνᾶς
1117 568 1183 609 ἀπ’
1216 569 1343 609 αὐτῶν
1375 568 1446 619 τὴν

119 641 332 693 πρόσοδον·
371 638 626 690 ἀποδομένων
652 641 693 679 δὲ
718 639 866 678 τούτων
891 638 940 676 τὰ
963 636 1111 687 ἡμίσεα
1141 639 1219 675 τῶν
1249 636 1443 688 ἀνδραπό-

119 710 208 754 δων,
237 705 516 747 πεντεκαίδεκά
540 722 607 757 μοι
629 707 729 756 μνᾶς
753 706 962 757 γίγνεσθαι
989 704 1086 743 κατὰ
1108 703 1233 754 λόγον
1258 704 1444 753 προσῆκε.

120 775 371 826 Θηριππίδης
394 774 466 825 μὲν
492 772 560 813 οὖν
589 771 673 813 ἕπτ’
700 771 765 821 ἔτη
796 775 873 811 τῶν
902 770 1160 822 ἀνδραπόδων
1194 770 1443 820 ἐπιμεληθεὶς

61 860 100 883 10
118 840 256 882 ἕνδεκα
293 843 392 892 μνᾶς
429 843 498 880 τοῦ
535 841 714 880 ἐνιαυτοῦ
752 837 945 890 ἀπέφηνε,
984 836 1170 889 τέτταρσι
1205 839 1320 887 μναῖς
1359 835 1442 876 καθ’

117 908 288 949 ἕκαστον
326 906 503 948 ἐνιαυτὸν
550 906 717 947 ἔλαττον
753 902 776 956 ἢ
820 905 918 945 ὅσον
959 906 1137 957 προσῆκε
1176 903 1444 955 λογιζόμενος.

117 974 230 1018 οὗτος
266 977 308 1015 δὲ
344 973 400 1014 δύ’
437 974 502 1025 ἔτη
538 976 586 1014 τὰ
624 972 743 1025 πρῶτ’
781 971 1033 1023 ἐπιμεληθεὶς
1061 970 1140 1011 οὐδ’
1178 971 1307 1011 ὁτιοῦν
1345 970 1442 1010 ἀπο-

117 1041 328 1089 δείκνυσιν,
363 1041 456 1082 ἀλλ’
487 1041 611 1082 ἐνίοτε
642 1040 716 1092 μέν
750 1045 876 1092 φησιν
901 1039 1073 1091 ἀργῆσαι
1098 1037 1142 1078 τὸ
1169 1037 1442 1091 ἐργαστήριον,

118 1110 244 1150 ἐνίοτε
269 1108 302 1149 δ’
330 1109 381 1150 ὡς
405 1107 522 1150 αὐτὸς
545 1110 617 1159 μὲν
643 1107 710 1147 οὐκ
742 1105 964 1158 ἐπεμελήθη
989 1105 1151 1152 τούτων,
1177 1106 1198 1145 ὁ
1231 1104 1264 1145 δ’
1289 1104 1442 1157 ἐπίτρο-

59 1193 97 1227 15
117 1192 189 1218 πος
219 1176 390 1223 Μιλύας,
413 1176 433 1214 ὁ
462 1175 726 1227 ἀπελεύθερος
755 1175 775 1213 ὁ
803 1172 1004 1225 ἡμέτερος,
1030 1170 1218 1228 διῴκησεν
1243 1171 1352 1218 αὐτά,
1381 1172 1443 1212 καὶ

117 1242 208 1294 παρ’
235 1242 383 1282 ἐκείνου
406 1259 473 1293 μοι
497 1240 691 1293 προσήκει
722 1241 845 1293 λόγον
874 1244 1035 1291 λαβεῖν.
1105 1238 1154 1279 ἂν
1182 1239 1250 1279 οὖν
1284 1239 1346 1279 καὶ
1374 1241 1442 1279 νῦν

117 1310 205 1365 εἴπῃ
230 1310 317 1349 τινὰ
340 1309 489 1349 τούτων
513 1312 590 1348 τῶν
609 1308 754 1360 λόγων,
774 1308 916 1361 ῥᾳδίως
937 1305 1270 1358 ἐξελεγχθήσεται
1293 1305 1439 1358 ψευδό-

114 1392 245 1427 μενος.
315 1375 363 1416 ἂν
387 1377 458 1426 μὲν
484 1375 551 1415 οὖν
577 1374 698 1427 ἀργὸν
725 1380 782 1431 φῇ
814 1373 1015 1427 γενέσθαι,
1042 1374 1165 1425 λόγον
1196 1372 1310 1414 αὐτὸς
1343 1372 1437 1413 ἀπε-

115 1441 286 1497 νήνοχεν
311 1441 581 1493 ἀναλωμάτων
605 1441 673 1481 οὐκ
699 1443 753 1483 εἰς
778 1442 886 1481 σιτία
910 1444 993 1481 τοῖς
1017 1440 1250 1492 ἀνθρώποις,
1272 1438 1363 1479 ἀλλ’
1384 1440 1440 1481 εἷς

58 1527 98 1549 20
116 1509 223 1562 ἔργα,
250 1509 319 1550 τὸν
345 1511 399 1552 εἷς
423 1508 495 1559 τὴν
518 1508 664 1562 τέχνην
690 1507 892 1561 ἐλέφαντα
918 1507 979 1547 καὶ
1003 1510 1206 1559 μαχαιρῶν
1225 1508 1358 1557 λαβὰς
1377 1506 1440 1546 καὶ

114 1576 242 1619 ἄλλας
268 1576 491 1622 ἐπισκευάς,
519 1576 570 1618 ὡς
596 1574 867 1627 ἐργαζομένων
891 1578 971 1614 τῶν
995 1576 1249 1626 δημιουργῶν.
1316 1572 1373 1613 ἔτι
1395 1574 1440 1614 δὲ

116 1645 345 1700 Θηριππίδῃ
370 1647 486 1696 τριῶν
513 1643 782 1695 ἀνδραπόδων,
810 1643 834 1682 ἃ
863 1640 910 1692 ἦν
935 1640 1037 1696 αὐτῷ
1073 1642 1115 1681 ἐν
1139 1644 1191 1695 τῷ
1218 1642 1296 1694 ἐμῷ
1322 1641 1438 1692 ἐργα-

115 1712 276 1765 στηρίῳ,
302 1710 448 1762 μισθὸν
475 1709 765 1750 ἀποδεδωκέναι
797 1708 1008 1761 λογίζεται.
1081 1707 1205 1747 καίτοι
1236 1707 1288 1758 μὴ
1323 1724 1437 1759 γενο-

114 1776 233 1828 μένης
269 1779 458 1830 ἐργασίας
493 1776 574 1817 οὔτ’
613 1777 748 1831 ἐκείνῳ
784 1779 932 1826 λαβεῖν
969 1773 1116 1826 μισθὸν
1158 1773 1237 1814 οὔτ’
1268 1774 1354 1825 ἐμοὶ
1391 1775 1439 1814 τὰ

58 1859 96 1892 25
115 1844 355 1895 ἀναλώματα
379 1847 497 1884 ταῦτα
522 1845 760 1896 λογισθῆναι
779 1844 992 1895 προσῆκεν.
1065 1842 1098 1882 εἰ
1123 1841 1155 1881 δ’
1181 1841 1228 1881 αὖ
1253 1840 1439 1893 γενέσθαι

115 1912 188 1962 μὲν
221 1909 358 1963 φήσει,
390 1914 469 1951 τῶν
501 1910 533 1950 δ’
563 1910 688 1962 ἔργων
718 1910 919 1962 ἀπρασίαν
950 1908 1063 1955 εἶναι,
1092 1910 1154 1948 δεῖ
1185 1906 1308 1958 δήπου
1331 1907 1379 1948 τα’
1403 1906 1438 1960 γ’

116 1976 197 2029 ἔργ’
234 1977 350 2017 αὐτὸν
385 1978 661 2017 ἀποδεδωκότα
695 1993 762 2028 μοι
800 1977 1029 2029 φαίνεσθαι,
1072 1974 1132 2015 καὶ
1171 1975 1225 2015 ὧν
1261 1974 1440 2015 ἐναντίον

115 2043 293 2085 ἀπέδωκε
332 2042 613 2096 παρασχέσθαι
653 2043 864 2095 μάρτυρας.
959 2043 992 2082 εἷ
1040 2043 1081 2082 δὲ
1127 2043 1250 2092 μηδὲν
1290 2041 1440 2081 τούτων

159 2162 173 2182 1
200 2152 311 2194 ἔργον]
330 2151 510 2194 πρόσεργον
528 2151 562 2191 S,
575 2151 615 2183 cf.
628 2154 664 2189 ἐξ
679 2161 730 2192 35,
746 2162 789 2191 39
804 2163 812 2182 t
837 2151 969 2193 ἔνεργον
986 2149 1011 2181 S
1027 2164 1080 2192 -γρ,
1151 2150 1227 2183 δέκα
1242 2150 1273 2181 Α
1288 2162 1295 2181 :
1320 2152 1441 2183 δώδεκα

116 2196 204 2234 vulg.
356 2206 376 2225 2
400 2197 471 2235 ὑμῖν
486 2205 553 2227 om.
574 2195 606 2224 A
748 2198 770 2226 6
794 2194 836 2236 δ’]
857 2198 864 2211 ‘
878 2195 989 2225 malim
1008 2195 1091 2236 γὰρ’
1112 2194 1281 2235 (Sauppe)
1422 2204 1440 2232 7

115 2238 354 2278 ἀποδεδομένων
372 2238 396 2269 S
515 2239 535 2268 8
557 2237 708 2278 ’γενέσθαι
726 2237 793 2269 SA
919 2248 957 2277 13
981 2243 1058 2276 post
1077 2238 1289 2280 ἐργαστήριον
1305 2236 1440 2277 supplet

116 2282 218 2314 ἐνίοτε
235 2281 271 2314 δὲ
288 2280 393 2324 (τῶν)
411 2282 511 2323 ἔργων
522 2281 680 2322 ἀπρασίαν
690 2282 768 2314 εἶναι
780 2280 1022 2313 wachendorf
1108 2291 1146 2321 15
1163 2281 1317 2321 διῴκηκεν
1328 2281 1441 2311 Naber

115 2325 191 2357 coll.
211 2327 247 2363 §5
265 2335 317 2364 22,
337 2325 389 2364 48,
410 2335 462 2363 50,
483 2325 525 2363 64
635 2326 673 2354 16
689 2328 830 2366 προσῆκε
847 2325 878 2355 Α
996 2335 1033 2364 17
1060 2325 1334 2365 ἐξελεγχθήσεται
1352 2323 1437 2354 SA:

116 2369 358 2409 ἐλεγχθήσεται
376 2369 466 2406 vulg.
564 2378 606 2398 20
628 2368 702 2408 τὸν]
720 2372 783 2400 τῶν
801 2369 825 2400 S
844 2369 932 2409 (sine
949 2369 1106 2407 accentu)
1125 2368 1151 2398 F
1267 2378 1309 2407 23
1334 2368 1437 2399 καίτοι

113 2425 153 2458 ,γε
169 2412 212 2451 μὴ
230 2411 255 2441 F
358 2412 399 2442 26
421 2411 576 2452 ἆπρασίας
594 2410 618 2441 S
769 2412 819 2452 γ’]
837 2426 874 2444 τε
893 2412 917 2443 S
932 2423 939 2443 :
963 2422 1028 2443 om.
1044 2411 1077 2441 A
1230 2412 1271 2441 28
1296 2411 1437 2442 ἀπέδωκε

116 2462 139 2491 S
153 2465 168 2485 r
182 2466 188 2485 ε
212 2454 390 2487 ἀποδέδωκε
407 2455 494 2493 vulg.
584 2453 778 2495 παρέχεσθαι
797 2456 829 2486 Α

1475 110 1588 169 [819]

1479 311 1519 345 18

1476 780 1518 817 19

1470 1386 1517 1411 20

1469 1823 1592 1916 ἐξω]
