1685 2772
120 105 255 159 xxxu]
481 109 641 148 ΠΡΟΣ
690 110 1082 148 ΖΗΝΟΘΕΜΙΝ

118 225 197 262 τῶν
222 224 397 262 πολιτῶν
421 225 503 263 τοῖς
521 223 809 262 καταποντίσαι
835 224 1099 272 βουληθεῖσιν
1119 225 1252 262 δοῦναι
1278 223 1448 274 γνοίητε,

119 289 182 329 καὶ
207 289 230 329 ἃ
254 288 305 339 μὴ
333 293 550 329 καταπλεῖν
575 290 678 330 ὅλως
703 289 815 330 οὗτος
848 288 950 339 δεῦρ’
976 289 1180 341 ἔπραττεν,
1209 287 1314 328 ταῦτ’
1341 290 1449 329 εἰσα-

864 357 880 366 Λ
909 354 918 368 9
957 354 976 369 Φ

118 356 274 408 γώγιμα
299 356 423 409 τούτῳ
448 356 728 408 ψηφίσαισθε;
766 355 817 406 μὴ
835 359 931 405 δητ,
953 375 982 395 ω
1009 359 1086 396 Ζεῦ
1113 355 1175 395 καὶ
1201 357 1296 396 θεοί.
1356 355 1451 406 λέγε

119 421 164 472 δή
188 439 256 474 μοι
279 423 321 463 τί
342 422 688 475 παραγέγραμμαι.

81 579 98 609 5
656 576 904 602 ΠΑΡΑΓΡΑΦΗ.

185 653 290 707 Λέγε
311 653 357 706 δή
376 671 444 707 μοι
468 654 537 696 τὸν
563 655 696 706 νόμον.

705 803 862 832 ΝΟΜΟΣ.

177 881 274 923 “Orc
299 884 372 934 μὲν
396 884 530 923 τοίνυν
554 884 597 923 ἐκ
622 885 701 922 τῶν
720 882 851 933 νόμων
867 882 1189 935 παρεγραψάμην
1203 882 1256 935 μὴ
1277 883 1447 935 εἰσαγώ-

119 966 238 1003 γιμον
265 949 460 999 εἶναιτὴν
494 951 616 999 δίκην,
646 951 787 991 ἱκανῶς
824 950 956 1000 οἴομαι
980 951 1192 1002 δεδεῖχθαι·
1235 949 1382 1004 τέχνην
1415 950 1450 990 δ’

60 1036 99 1059 10
119 1016 345 1057 ἀκούσεσθε
369 1020 439 1056 τοῦ
468 1019 601 1069 σοφοῦ
626 1019 695 1056 τοῦ
727 1019 849 1056 ταῦτα
878 1015 1007 1056 πάντα
1044 1017 1344 1067 συντεθηκότος,
1381 1020 1451 1058 τοῦ

119 1082 456 1135 Ἀριστοφῶντος.
525 1083 576 1124 ὡς
609 1084 682 1136 γὰρ
717 1084 759 1122 ἐκ
788 1085 866 1123 τῶν
899 1082 1141 1135 πραγμάτων
1174 1085 1309 1125 ἁπλῶς
1337 1084 1450 1125 οὐδὲν

120 1149 253 1203 ἑώρων
279 1150 428 1190 δίκαιον
453 1152 605 1191 ἑαυτοῖς
632 1150 734 1195 ἐνόν,
763 1150 1108 1202 ἐπικηρυκεύονται
1131 1154 1183 1204 τῷ
1210 1151 1361 1206 Πρώτῳ
1388 1151 1451 1192 καὶ

118 1217 301 1258 πείθουσι
326 1216 395 1257 τὸν
414 1216 623 1269 ἄνθρωπον
648 1218 827 1257 ἐνδοῦναι
852 1218 900 1256 τὰ
919 1215 1118 1269 πράγμαθ’
1146 1219 1309 1265 ἑαυτοῖς,
1327 1217 1447 1270 πρόιτ-

118 1301 254 1326 τοντες
279 1286 352 1335 μὲν
377 1283 429 1325 ὣς
454 1284 580 1324 ἔοικεν
608 1284 669 1323 καὶ
696 1282 742 1334 ἐξ
774 1284 899 1337 ἀρχῆς
929 1286 1056 1330 τοῦτο,
1084 1284 1133 1325 ὡς
1157 1284 1252 1335 ἡμῖν
1277 1287 1345 1325 νῦν
1371 1290 1449 1337 φα-

60 1367 97 1399 15
118 1350 232 1403 νερὸν
257 1350 437 1404 γέγονεν,
460 1351 505 1391 οὐ
529 1350 739 1402 δυνάμενοι
755 1352 796 1390 δὲ
821 1354 971 1391 πεῖσαι.
1032 1352 1053 1390 ὁ
1077 1353 1152 1404 γὰρ
1179 1354 1356 1404 Πρῶτος,
1377 1352 1451 1394 ἕως

117 1420 190 1469 μὲν
227 1416 320 1473 ᾤετο
358 1417 428 1458 τὸν
469 1422 583 1458 σῖτον
626 1417 761 1470 κέρδος
803 1419 973 1459 ἐλθόντα
1010 1417 1206 1468 ποιήσειν,
1245 1420 1450 1472 ἀντείχετο

119 1487 271 1532 τούτου,
306 1485 370 1525 καὶ
399 1487 556 1535 μᾶλλον
588 1484 710 1540 ᾑρεῖτ’
740 1485 856 1526 αὐτός
890 1503 933 1525 τε
969 1488 1149 1536 κερδᾶναι
1183 1486 1246 1526 καὶ
1278 1486 1371 1537 ἡμῖν
1403 1487 1452 1526 τὰ

119 1552 235 1593 δίκαι’
260 1553 486 1598 ἀποδοῦναι,
509 1548 532 1602 ἢ
555 1551 900 1601 κατακοινωνήσας
925 1553 1076 1593 τούτοις
1095 1555 1164 1603 τῆς
1187 1555 1260 1604 μὲν
1276 1553 1453 1605 ὠφελίας

118 1619 279 1661 τούτους
315 1621 481 1669 ποιῆσαι
515 1619 687 1671 μερίτας,
726 1619 827 1669 ἡμᾶς
864 1618 896 1657 δ’
935 1619 1134 1669 ἀδικῆσαι·
1186 1620 1237 1662 ὡς
1272 1622 1314 1660 δὲ
1350 1619 1452 1672 δεῦρ’

61 1704 100 1726 20
119 1687 285 1737 ἥκοντος
310 1685 431 1726 αὐτοῦ
457 1686 519 1726 καὶ
545 1687 633 1738 περὶ
659 1689 781 1726 ταῦτα
806 1686 1195 1738 πραγματευομένου,
1215 1688 1408 1737 ἐπανῆκεν
1433 1688 1453 1726 ὁ

122 1757 246 1800 σῖτος,
273 1753 405 1804 ἄλλην
436 1752 579 1795 εὐθέως
614 1754 764 1804 ἔλαβεν
797 1753 972 1806 γνώμην.
1033 1754 1098 1794 καὶ
1126 1753 1206 1805 ἅμα
1238 1753 1454 1806 (εἰρήσεται

121 1821 209 1874 γάρ,
237 1820 376 1873 ἄνδρες
401 1820 618 1872 Ἀθηναῖοι,
640 1823 752 1861 πᾶσα
776 1821 873 1873 πρὸς
891 1822 991 1872 ὑμᾶς
1015 1821 1038 1872 ἡ
1065 1818 1246 1872 ἀλήθεια)
1263 1821 1324 1861 καὶ
1342 1821 1453 1872 ἡμεῖς

121 1889 159 1930 οἱ
183 1889 452 1930 δεδανεικότες
477 1889 798 1942 προσεκρούομεν
814 1888 917 1944 αὐτῷ
944 1889 1006 1929 καὶ
1022 1892 1168 1940 πικρῶς
1194 1890 1366 1942 εἴχομεν,
1383 1890 1453 1939 τῆς

121 1973 163 1997 τε
182 1957 317 2007 ζημίας
339 1956 402 2009 ἐφ’
419 1957 519 2007 ἡμᾶς
541 1956 677 2007 ἰούσης
692 1958 761 2007 τῆς
776 1956 865 2009 περὶ
888 1956 957 1996 τὸν
976 1959 1088 1996 σῖτον
1110 1955 1172 1995 καὶ
1197 1954 1454 2008 συκοφάντην

61 2035 99 2067 25
121 2024 208 2064 ἀντὶ
232 2023 446 2077 χρημάτων
466 2024 693 2075 αἰτιώμενοι
711 2027 849 2064 τοῦτον
873 2024 967 2074 ἡμῖν
985 2021 1245 2073 κεκομικέναι.
1297 2023 1339 2062 ἐκ
1364 2021 1452 2062 τού-

166 2143 185 2163 2
210 2134 291 2166 ὅλως
308 2144 373 2165 om.
393 2133 425 2164 A
601 2144 621 2172 3
647 2138 832 2175 ψηφισησθε
852 2134 917 2165 SA
1051 2137 1132 2172 δῆτα
1148 2133 1197 2164 A:
1224 2134 1322 2171 δήπου
1337 2132 1427 2171 vulg.
1445 2144 1453 2165 τ

124 2178 223 2215 δήπου
237 2178 271 2218 ’γ’
290 2177 314 2208 S
442 2179 462 2207 8
486 2177 753 2220 παρεγραψάμην]
772 2191 1024 2219 παρεγεγραμην
1041 2177 1065 2207 S
1200 2187 1238 2207 10
1262 2176 1454 2208 ἀκούσεσθαι

124 2219 162 2252 S1
176 2221 205 2251 D
295 2224 354 2253 τοῦ
371 2221 489 2263 σοφοῦ]
510 2228 575 2266 erog>
591 2222 627 2260 (i.
640 2231 669 2252 e.
689 2223 811 2262 σοφὴν)
831 2221 869 2252 S¹
969 2221 1210 2253 συντεθεικότος
1230 2220 1252 2250 S
1266 2220 1315 2251 A:
1342 2232 1453 2252 συντε-

123 2264 266 2305 ταχότος
284 2265 374 2304 vulg.
528 2275 566 2303 14
592 2265 658 2297 νυνὶ
675 2265 706 2295 Α
856 2274 893 2303 15
918 2269 996 2295 ante
1015 2266 1143 2304 Πρῶτος
1160 2264 1236 2294 add.
1257 2264 1414 2305 ἅνθρωπος
1438 2265 1454 2294 ὁ

126 2308 234 2343 codd.‚
261 2308 303 2340 cf.
333 2310 348 2345 ξ
372 2318 435 2346 15:
462 2307 529 2340 del.
561 2307 726 2338 Schaefer
832 2310 872 2339 16
896 2308 1068 2348 ἀντείχετο
1096 2306 1235 2339 ἐλθόντα
1260 2307 1406 2344 ποιήσειν
1430 2305 1453 2335 S

125 2361 166 2381 22
192 2353 301 2392 ἄνδρες
320 2351 343 2382 S
355 2351 386 2381 A
400 2351 449 2383 D:
473 2352 496 2383 ὦ
514 2352 623 2393 ἄνδρες
639 2351 727 2390 vulg.
854 2354 943 2384 πᾶσα
960 2362 1024 2383 om.
1044 2350 1110 2388 FQ
1124 2350 1153 2380 D
1320 2360 1357 2388 24
1385 2350 1453 2390 περὶ

124 2394 238 2427 Wolf:
264 2396 314 2427 ἐπὶ
331 2395 428 2427 codd.

1492 109 1610 165 [888]

1483 895 1527 929 24

1483 1211 1607 1267 [889]

1482 1366 1522 1400 25

1483 1753 1528 1787 26
