1685 2772
157 863 195 885 10

154 1195 192 1227 15

152 1528 193 1550 20

151 1859 190 1891 ²5

228 129 294 185 XL]
362 134 505 173 ΠΡΟΣ
533 134 784 173 ΒΟΙΩΤΟΝ
810 135 938 172 ΠΕΡΙ
967 135 1210 173 ΠΡΟΙΚΟΣ
1235 135 1526 173 ΜΗΤΡΩΙΑΣ

227 245 454 297 ἠνάγκασεν
491 245 593 300 αὑτῷ
629 248 780 297 πατέρα
811 245 1014 298 γενέσθαι,
1048 248 1187 286 τοῦτον
1220 245 1290 286 οὐκ
1321 246 1553 298 αἰσχύνεται

229 311 369 365 ψέγων
399 313 578 352 ἐναντίον
607 313 727 363 ὑμῶν,
760 311 851 352 ἀλλ’
881 313 936 353 εἷς
972 314 1086 351 τοῦτο
1115 313 1283 361 ἀμαθίας
1316 312 1412 362 ἥκει,
1448 313 1553 353 ὥστε

227 383 304 419 τῶν
337 379 468 430 νόμων
505 379 832 431 ἀπαγορευόντων
864 380 962 429 μηδὲ
991 378 1081 420 τοὺς
1109 383 1188 419 τῶν
1215 379 1353 420 ἄλλων
1383 378 1553 430 πατέρας

227 449 354 487 κακῶς
377 444 514 497 λέγειν
537 449 766 491 τεθνεῶτας,
795 445 918 491 οὗτος,
947 445 991 484 οὓ
1018 450 1144 497 φησιν
1169 445 1251 487 υἱὸς
1275 445 1388 492 εἶναι,
1414 449 1553 486 τοῦτον

227 511 466 563 λοιδορήσει,
500 510 529 566 ᾧ
559 514 761 564 προσῆκεν
791 513 853 552 καὶ
884 512 999 552 εἴτις
1024 511 1148 554 ἄλλος
1177 511 1440 564 ἐβλασφήμει
1464 512 1552 564 περὶ

226 578 344 618 αὐτοῦ
369 579 619 630 ἀγανακτεῖν.

291 646 439 696 Οἵομαι
462 644 494 685 δ’
521 644 651 692 αὐτόν,
678 643 708 685 ὦ
734 645 869 697 ἄνδρες
904 645 1098 691 δικασταί,
1126 646 1284 686 ἐπειδὰν
1313 649 1390 685 τῶν
1417 645 1552 685 ἄλλων

224 712 364 768 ἀπορῇ,
402 715 526 753 κακῶς
554 711 599 752 τέ
637 729 685 763 με
721 710 992 764 ἐπιχειρήσειν
1032 711 1169 764 λέγειν
1211 712 1273 752 καὶ
1313 712 1551 763 διαβάλλειν

226 777 501 830 πειράσεσθαι,
535 777 717 829 διεξιόνθ’
755 779 806 820 ὡς
836 780 914 830 ἐγὼ
944 781 1016 829 μὲν
1048 778 1110 820 καὶ
1138 778 1318 831 ἐτράφην
1350 780 1411 819 καὶ
1439 781 1547 819 ἐπαι-

226 845 366 896 δεύθην
391 845 456 886 καὶ
480 846 607 898 ἔγημα
632 847 674 886 ἐν
700 851 747 903 τῇ
772 848 840 885 τοῦ
870 845 1014 898 πατρὸς
1040 847 1155 899 οἰκίᾳ,
1184 845 1300 888 αὐτὸς
1325 849 1366 887 δὲ
1391 845 1550 886 οὐδενὸς

224 913 373 953 τούτων
397 911 609 966 μετέσχεν.
659 913 768 963 ὑμεῖς
793 912 826 953 δ’
853 912 1077 963 ἐνθυμεῖσθ’
1102 913 1163 953 ὅτι
1188 915 1256 964 ἐμὲ
1279 915 1351 965 μὲν
1375 913 1398 964 ἡ
1423 911 1551 965 μήτηρ

225 982 345 1020 παῖδα
365 982 638 1020 καταλιποῦσα
658 980 931 1030 ἐτελεύτησεν,
953 980 1059 1020 ὥστε
1076 996 1143 1031 μοι
1169 980 1303 1021 ἱκανὸν
1321 979 1370 1031 ἧν
1390 979 1467 1020 ἀπὸ
1483 983 1552 1019 τοῦ

223 1047 341 1087 τόκου
374 1049 444 1096 τῆς
480 1045 638 1098 προικὸς
676 1046 738 1087 καὶ
774 1045 994 1099 τρέφεσθαι
1031 1047 1093 1087 καὶ
1135 1047 1405 1088 παιδεύεσθαι·
1443 1046 1465 1097 ἡ
1508 1048 1550 1086 δὲ

223 1113 372 1153 τούτων
399 1113 527 1165 μήτηρ
557 1113 775 1165 Πλαγγών,
805 1112 1011 1166 τρέφουσα
1042 1113 1128 1164 μεθ’
1162 1115 1280 1164 αὐτῆς
1304 1114 1462 1155 τούτους
1486 1113 1549 1153 καὶ

223 1181 461 1231 θεραπαίνας
487 1182 638 1233 συχνὰς
664 1180 727 1220 καὶ
752 1179 847 1230 αὐτὴ
868 1184 1096 1222 πολυτελῶς
1122 1181 1239 1230 ζῶσα,
1264 1181 1325 1221 καὶ
1351 1181 1405 1222 εἰς
1428 1183 1550 1220 ταῦτα

221 1246 289 1286 τὸν
325 1246 476 1298 πατέρα
511 1246 580 1286 τὸν
617 1246 712 1297 ἐμὸν
748 1246 924 1299 χορηγὸν
967 1248 1081 1303 ἑαυτῇ
1122 1247 1199 1287 ὑπὸ
1238 1249 1307 1298 τῆς
1344 1247 1548 1298 ἐπιθυμίας

222 1313 374 1365 ἔχουσα
399 1314 460 1353 καὶ
485 1314 619 1354 πολλὰ
644 1315 824 1354 δαπανᾶν
848 1312 1136 1365 ἀναγκάζουσα,
1155 1314 1222 1354 οὐκ
1246 1315 1316 1354 ἴσα
1333 1311 1455 1364 δήπου
1478 1315 1548 1363 τῆς

223 1380 372 1420 ἐκείνου
397 1379 534 1421 οὐσίας
560 1380 645 1430 ἐμοὶ
671 1379 889 1430 ἀνήλωκεν,
917 1380 1020 1420 ὥστε
1045 1380 1148 1420 πολὺ
1171 1383 1327 1431 μᾶλλον
1356 1378 1547 1431 προσήκει

222 1447 291 1496 ἐμὲ
321 1447 472 1488 τούτοις
501 1447 686 1498 ἐγκαλεῖν
710 1443 734 1497 ἢ
765 1446 884 1486 αὐτὸν
909 1445 1122 1498 ἐγκλήματ’
1148 1447 1256 1500 ἔχειν
1279 1447 1355 1487 ὑπὸ
1384 1446 1543 1488 τούτων.

222 1511 265 1554 ὃς
289 1512 386 1564 πρὸς
410 1517 492 1555 τοῖς
515 1512 655 1554 ἄλλοις
683 1515 810 1553 εἴκοσι
834 1514 907 1564 μὲν
930 1516 1030 1564 μνᾶς
1055 1513 1334 1564 δανεισάμενος
1357 1514 1454 1564 μετὰ
1478 1516 1546 1552 τοῦ

1588 123 1685 179 [1021

1585 513 1685 566 [102;

1585 662 1629 697 50

1583 1060 1623 1097 51

1579 1529 1620 1565 52

222 1579 366 1631 πατρὸς
375 1581 480 1632 παρὰ
490 1581 689 1620 Βλεπαίου
704 1584 772 1620 τοῦ
787 1579 1018 1632 τραπεζίτου
1035 1581 1088 1620 εἰς
1097 1579 1201 1630 ὠνήν
1217 1597 1304 1620 τινα
1318 1578 1543 1630 μετάλλων,
1588 1629 1590 1633 Ι

223 1647 357 1697 ἐπειδὴ
382 1647 403 1686 ὁ
428 1646 555 1699 πατὴρ
586 1647 859 1697 ἐτελεύτησεν,
887 1648 936 1686 τὰ
968 1648 1040 1697 μὲν
1064 1645 1245 1697 μέταλλα
1269 1646 1365 1699 πρὸς
1389 1646 1547 1687 τούτους

221 1713 449 1764 ἐνειμάμην,
476 1713 520 1753 τὸ
540 1713 694 1754 δάνειον
714 1713 747 1753 δ’
763 1713 879 1756 αὐτὸς
904 1712 1186 1766 εἰσεπράχθην,
1204 1712 1337 1765 ἑτέρας
1353 1715 1394 1753 δὲ
1414 1714 1548 1766 χιλίας

223 1781 277 1822 εἷς
319 1780 389 1830 τὴν
427 1784 493 1820 τοῦ
532 1784 678 1832 πατρὸς
720 1780 851 1833 ταφὴν
893 1782 999 1833 παρὰ
1042 1779 1319 1833 Λυσιστράτου
1361 1780 1547 1831 Θορικίου

222 1846 505 1897 δανεισάμενος
532 1848 610 1901 ἰδίᾳ
638 1846 848 1889 ἐκτέτεικα.
910 1848 961 1889 ὡς
986 1846 1019 1887 δ’
1040 1847 1168 1897 ἀληθῆ
1195 1847 1256 1888 καὶ
1281 1849 1402 1887 ταῦτα
1425 1845 1545 1898 λέγω,

222 1915 264 1953 ἐκ
289 1913 436 1954 τούτων
461 1917 537 1953 τῶν
555 1917 775 1966 μαρτυριῶν
802 1915 976 1954 εἴσεσθε.

268 2030 280 2050 1
308 2021 406 2061 αὐτῷ]
428 2022 542 2052 ἑαυτοῦ
559 2020 583 2051 S
702 2032 724 2061 9
751 2022 930 2063 ἐνετράφην
945 2021 976 2052 Α
1098 2033 1136 2053 12
1159 2022 1283 2063 ἱκανὸν]
1302 2022 1421 2054 δίκαιον
1439 2022 1544 2053 Bock-

222 2064 341 2103 meijer
475 2074 512 2102 15
539 2065 619 2102 αὐτὴ
636 2074 701 2095 om.
723 2064 749 2094 F
762 2065 791 2102 Q
936 2067 973 2095 18
997 2066 1150 2107 προσήκει
1168 2066 1256 2104 vulg.
1276 2078 1283 2096 ε
1307 2066 1480 2107 προσήκειν
1498 2065 1522 2096 S
1539 2077 1546 2096 τ

221 2110 383 2148 προσῆκεν
399 2106 499 2137 Wolf
605 2118 648 2137 20
669 2108 704 2139 ὃς
720 2109 795 2149 πρὸς
811 2111 878 2141 τοῖς
897 2109 1010 2140 ἄλλοις
1028 2109 1166 2147 Reiske‚
1187 2109 1226 2140 cf.
1247 2111 1263 2146 5
1282 2110 1332 2147 58,
1353 2109 1399 2138 xii
1416 2119 1468 2146 20,
1486 2108 1544 2147 Ep.

223 2150 255 2179 iii
273 2160 334 2188 43:
360 2151 436 2191 πρὸς
452 2164 482 2182 τ.
502 2151 530 2182 ἄ.
548 2151 582 2182 ὃς
599 2150 685 2188 vulg.
704 2161 711 2180 τ
736 2152 811 2192 πρὸς
826 2153 888 2191 ’γὰρ
904 2155 970 2183 τοῖς
989 2153 1101 2184 ἄλλοις
1118 2152 1147 2181 Α
1280 2161 1317 2181 21
1344 2152 1434 2190 rma]
1452 2155 1546 2183 τινῶν

223 2193 289 2231 FQ
423 2203 463 2231 23
489 2193 662 2234 ἐνειμάμην
677 2193 707 2223 Α
723 2204 729 2223 :
755 2193 886 2234 ἐγένετο
905 2200 981 2225 cett.
1071 2195 1196 2227 δάνειον
1213 2195 1239 2226 δ’
1259 2195 1282 2225 S
1297 2195 1325 2224 D
1342 2206 1349 2224 :
1373 2194 1407 2225 δὲ
1425 2194 1546 2226 δάνειον

221 2237 328 2275 vulg.:
355 2236 388 2269 δὲ
406 2246 470 2268 om.
490 2237 521 2266 A
653 2247 693 2275 25
717 2240 779 2269 ’ίδια
797 2238 821 2267 S
912 2237 1079 2269 ἐκτέτεικα
1096 2239 1119 2268 S
1138 2250 1144 2268 :
1177 2237 1327 2269 ἐκτέτικα
1345 2238 1429 2275 vulg.
