<?xml version="1.0" encoding="UTF-8"?>
<!DOCTYPE html PUBLIC "-//W3C//DTD XHTML 1.0 Transitional//EN"
    "http://www.w3.org/TR/xhtml1/DTD/xhtml1-transitional.dtd">
<html xmlns="http://www.w3.org/1999/xhtml" xml:lang="en" lang="en">
 <head>
  <title>
</title>
<meta http-equiv="Content-Type" content="text/html;charset=utf-8" />
  <meta name='ocr-system' content='tesseract 3.04.00' />
  <meta name='ocr-capabilities' content='ocr_page ocr_carea ocr_par ocr_line ocrx_word'/>
</head>
<body>
  <div class='ocr_page' id='page_1' title='image "./p2orationesrecog02demouoft_0174.png"; bbox 0 0 1685 2772; ppageno 0'>
   <div class='ocr_carea' id='block_1_1' title="bbox 54 116 175 171">
    <p class='ocr_par' dir='ltr' id='par_1_1' title="bbox 54 116 175 171">
     <span class='ocr_line' id='line_1_1' title="bbox 54 116 175 171; baseline 0 0"><span class='ocrx_word' id='word_1_1' title='bbox 54 116 175 171; x_wconf 87' lang='lat'>[979]</span> 
     </span>
    </p>
   </div>
   <div class='ocr_carea' id='block_1_2' title="bbox 133 377 176 413">
    <p class='ocr_par' dir='ltr' id='par_1_2' title="bbox 133 377 176 413">
     <span class='ocr_line' id='line_1_2' title="bbox 133 377 176 413; baseline 0.047 -2"><span class='ocrx_word' id='word_1_2' title='bbox 133 377 176 413; x_wconf 78' lang='lat'>45</span> 
     </span>
    </p>
   </div>
   <div class='ocr_carea' id='block_1_3' title="bbox 56 964 178 1064">
    <p class='ocr_par' dir='ltr' id='par_1_3' title="bbox 56 964 178 1064">
     <span class='ocr_line' id='line_1_3' title="bbox 56 964 178 1064; baseline 0 0"><span class='ocrx_word' id='word_1_3' title='bbox 56 964 178 1064; x_wconf 53' lang='lat'>[9835</span> 
     </span>
    </p>
   </div>
   <div class='ocr_carea' id='block_1_4' title="bbox 131 1397 175 1431">
    <p class='ocr_par' dir='ltr' id='par_1_4' title="bbox 131 1397 175 1431">
     <span class='ocr_line' id='line_1_4' title="bbox 131 1397 175 1431; baseline 0.023 -1"><span class='ocrx_word' id='word_1_4' title='bbox 131 1397 175 1431; x_wconf 93' lang='lat'>47</span> 
     </span>
    </p>
   </div>
   <div class='ocr_carea' id='block_1_5' title="bbox 632 122 1546 178">
    <p class='ocr_par' dir='ltr' id='par_1_5' title="bbox 632 122 1546 178">
     <span class='ocr_line' id='line_1_5' title="bbox 632 122 1546 178; baseline 0.003 -14"><span class='ocrx_word' id='word_1_5' title='bbox 632 128 1123 166; x_wconf 77' lang='grc' dir='ltr'>ΔΗΜΟΣΘΕΝΟΎΣ</span> <span class='ocrx_word' id='word_1_6' title='bbox 1378 122 1546 178; x_wconf 82' lang='lat' dir='ltr'>[xxxvn</span> 
     </span>
    </p>
   </div>
   <div class='ocr_carea' id='block_1_6' title="bbox 204 236 1547 2106">
    <p class='ocr_par' dir='ltr' id='par_1_6' title="bbox 208 236 1547 357">
     <span class='ocr_line' id='line_1_6' title="bbox 208 236 1547 291; baseline 0.001 -14"><span class='ocrx_word' id='word_1_7' title='bbox 208 241 286 277; x_wconf 87' lang='grc' dir='ltr'>τῶν</span> <span class='ocrx_word' id='word_1_8' title='bbox 313 237 446 290; x_wconf 89' lang='grc' dir='ltr'>φίλων</span> <span class='ocrx_word' id='word_1_9' title='bbox 469 241 547 277; x_wconf 85' lang='grc' dir='ltr'>τῶν</span> <span class='ocrx_word' id='word_1_10' title='bbox 573 236 844 278; x_wconf 81' lang='grc' dir='ltr'>Πανταινέτου</span> <span class='ocrx_word' id='word_1_11' title='bbox 872 237 934 278; x_wconf 83' lang='grc' dir='ltr'>καὶ</span> <span class='ocrx_word' id='word_1_12' title='bbox 959 240 1037 278; x_wconf 87' lang='grc' dir='ltr'>τῶν</span> <span class='ocrx_word' id='word_1_13' title='bbox 1062 237 1206 288; x_wconf 89' lang='grc' dir='ltr'>νόμων.</span> <span class='ocrx_word' id='word_1_14' title='bbox 1259 237 1302 277; x_wconf 87' lang='grc' dir='ltr'>οὐ</span> <span class='ocrx_word' id='word_1_15' title='bbox 1327 239 1401 290; x_wconf 79' lang='grc' dir='ltr'>γὰρ</span> <span class='ocrx_word' id='word_1_16' title='bbox 1427 237 1547 291; x_wconf 80' lang='grc' dir='ltr'>ἔγωγ’</span> 
     </span>
     <span class='ocr_line' id='line_1_7' title="bbox 211 302 891 357; baseline 0.001 -13"><span class='ocrx_word' id='word_1_17' title='bbox 211 302 442 355; x_wconf 90' lang='grc' dir='ltr'>ἐπεδήμουν,</span> <span class='ocrx_word' id='word_1_18' title='bbox 468 304 547 345; x_wconf 87' lang='grc' dir='ltr'>οὐδ’</span> <span class='ocrx_word' id='word_1_19' title='bbox 575 304 691 347; x_wconf 82' lang='grc' dir='ltr'>αὐτὸς</span> <span class='ocrx_word' id='word_1_20' title='bbox 715 306 891 357; x_wconf 83' lang='grc' dir='ltr'>ἐγκαλεῖ.</span> 
     </span>
    </p>

    <p class='ocr_par' dir='ltr' id='par_1_7' title="bbox 204 371 1547 2106">
     <span class='ocr_line' id='line_1_8' title="bbox 278 371 1543 424; baseline 0.002 -13"><span class='ocrx_word' id='word_1_21' title='bbox 278 372 476 422; x_wconf 83' lang='grc' dir='ltr'>Βούλομαι</span> <span class='ocrx_word' id='word_1_22' title='bbox 503 371 535 412; x_wconf 91' lang='grc' dir='ltr'>δ’</span> <span class='ocrx_word' id='word_1_23' title='bbox 560 372 651 422; x_wconf 80' lang='grc' dir='ltr'>ὑμῖν</span> <span class='ocrx_word' id='word_1_24' title='bbox 676 372 739 412; x_wconf 83' lang='grc' dir='ltr'>καὶ</span> <span class='ocrx_word' id='word_1_25' title='bbox 766 371 813 413; x_wconf 91' lang='grc' dir='ltr'>δι’</span> <span class='ocrx_word' id='word_1_26' title='bbox 832 372 887 413; x_wconf 79' lang='grc' dir='ltr'>ὧν</span> <span class='ocrx_word' id='word_1_27' title='bbox 911 371 1002 414; x_wconf 82' lang='grc' dir='ltr'>τοὺς</span> <span class='ocrx_word' id='word_1_28' title='bbox 1028 372 1219 424; x_wconf 89' lang='grc' dir='ltr'>πρότερον</span> <span class='ocrx_word' id='word_1_29' title='bbox 1240 373 1429 414; x_wconf 80' lang='grc' dir='ltr'>δικαστὰς</span> <span class='ocrx_word' id='word_1_30' title='bbox 1456 371 1543 424; x_wconf 81' lang='grc' dir='ltr'>ἐξα-</span> 
     </span>
     <span class='ocr_line' id='line_1_9' title="bbox 209 437 1546 491; baseline 0.001 -13"><span class='ocrx_word' id='word_1_31' title='bbox 209 437 389 488; x_wconf 84' lang='grc' dir='ltr'>πατήσας</span> <span class='ocrx_word' id='word_1_32' title='bbox 426 439 508 479; x_wconf 82' lang='grc' dir='ltr'>εἶλε</span> <span class='ocrx_word' id='word_1_33' title='bbox 544 438 614 479; x_wconf 83' lang='grc' dir='ltr'>τὸν</span> <span class='ocrx_word' id='word_1_34' title='bbox 651 439 826 491; x_wconf 82' lang='grc' dir='ltr'>Εὔεργον</span> <span class='ocrx_word' id='word_1_35' title='bbox 864 440 1003 486; x_wconf 89' lang='grc' dir='ltr'>εἰπεῖν,</span> <span class='ocrx_word' id='word_1_36' title='bbox 1041 438 1090 480; x_wconf 82' lang='grc' dir='ltr'>ἵν’</span> <span class='ocrx_word' id='word_1_37' title='bbox 1124 438 1244 489; x_wconf 84' lang='grc' dir='ltr'>εἰδῆθ’</span> <span class='ocrx_word' id='word_1_38' title='bbox 1281 440 1342 480; x_wconf 87' lang='grc' dir='ltr'>ὅτι</span> <span class='ocrx_word' id='word_1_39' title='bbox 1378 439 1441 480; x_wconf 89' lang='grc' dir='ltr'>καὶ</span> <span class='ocrx_word' id='word_1_40' title='bbox 1477 443 1546 480; x_wconf 82' lang='grc' dir='ltr'>νῦν</span> 
     </span>
     <span class='ocr_line' id='line_1_10' title="bbox 210 505 1547 558; baseline 0.003 -14"><span class='ocrx_word' id='word_1_41' title='bbox 210 505 322 545; x_wconf 82' lang='grc' dir='ltr'>οὐδὲν</span> <span class='ocrx_word' id='word_1_42' title='bbox 347 505 427 546; x_wconf 87' lang='grc' dir='ltr'>οὔτ’</span> <span class='ocrx_word' id='word_1_43' title='bbox 454 506 652 547; x_wconf 84' lang='grc' dir='ltr'>ἀναιδείας</span> <span class='ocrx_word' id='word_1_44' title='bbox 677 506 766 546; x_wconf 88' lang='grc' dir='ltr'>οὔτε</span> <span class='ocrx_word' id='word_1_45' title='bbox 791 509 860 546; x_wconf 83' lang='grc' dir='ltr'>τοῦ</span> <span class='ocrx_word' id='word_1_46' title='bbox 887 506 1110 558; x_wconf 82' lang='grc' dir='ltr'>ψεύδεσθαι</span> <span class='ocrx_word' id='word_1_47' title='bbox 1132 507 1389 558; x_wconf 79' lang='grc' dir='ltr'>παραλείψει.</span> <span class='ocrx_word' id='word_1_48' title='bbox 1450 505 1547 558; x_wconf 84' lang='grc' dir='ltr'>πρὸς</span> 
     </span>
     <span class='ocr_line' id='line_1_11' title="bbox 209 572 1547 624; baseline 0.004 -13"><span class='ocrx_word' id='word_1_49' title='bbox 209 575 251 613; x_wconf 82' lang='grc' dir='ltr'>δὲ</span> <span class='ocrx_word' id='word_1_50' title='bbox 276 573 426 614; x_wconf 85' lang='grc' dir='ltr'>τούτοις</span> <span class='ocrx_word' id='word_1_51' title='bbox 452 572 513 612; x_wconf 85' lang='grc' dir='ltr'>καὶ</span> <span class='ocrx_word' id='word_1_52' title='bbox 540 573 628 624; x_wconf 86' lang='grc' dir='ltr'>περὶ</span> <span class='ocrx_word' id='word_1_53' title='bbox 652 574 707 613; x_wconf 81' lang='grc' dir='ltr'>ὧν</span> <span class='ocrx_word' id='word_1_54' title='bbox 732 573 820 623; x_wconf 82' lang='grc' dir='ltr'>ἐμοὶ</span> <span class='ocrx_word' id='word_1_55' title='bbox 843 572 1042 622; x_wconf 81' lang='grc' dir='ltr'>δικάζεται</span> <span class='ocrx_word' id='word_1_56' title='bbox 1065 574 1162 619; x_wconf 91' lang='grc' dir='ltr'>νυνί,</span> <span class='ocrx_word' id='word_1_57' title='bbox 1183 575 1253 615; x_wconf 77' lang='grc' dir='ltr'>τὰς</span> <span class='ocrx_word' id='word_1_58' title='bbox 1278 573 1398 615; x_wconf 81' lang='grc' dir='ltr'>αὐτὰς</span> <span class='ocrx_word' id='word_1_59' title='bbox 1424 574 1547 616; x_wconf 78' lang='grc' dir='ltr'>οὔσας</span> 
     </span>
     <span class='ocr_line' id='line_1_12' title="bbox 209 638 1547 694; baseline 0.001 -15"><span class='ocrx_word' id='word_1_60' title='bbox 209 639 429 691; x_wconf 82' lang='grc' dir='ltr'>ἀπολογίας</span> <span class='ocrx_word' id='word_1_61' title='bbox 469 638 672 691; x_wconf 85' lang='grc' dir='ltr'>εὑρήσετε·</span> <span class='ocrx_word' id='word_1_62' title='bbox 722 640 849 691; x_wconf 87' lang='grc' dir='ltr'>ὅσπερ</span> <span class='ocrx_word' id='word_1_63' title='bbox 892 639 1063 694; x_wconf 83' lang='grc' dir='ltr'>ἔλεγχος</span> <span class='ocrx_word' id='word_1_64' title='bbox 1099 639 1391 691; x_wconf 80' lang='grc' dir='ltr'>ἀκριβέστατός</span> <span class='ocrx_word' id='word_1_65' title='bbox 1433 641 1547 681; x_wconf 88' lang='grc' dir='ltr'>ἐστιν</span> 
     </span>
     <span class='ocr_line' id='line_1_13' title="bbox 207 706 1544 763; baseline 0.001 -17"><span class='ocrx_word' id='word_1_66' title='bbox 207 707 304 757; x_wconf 81' lang='grc' dir='ltr'>ὑπὲρ</span> <span class='ocrx_word' id='word_1_67' title='bbox 324 709 392 746; x_wconf 81' lang='grc' dir='ltr'>τοῦ</span> <span class='ocrx_word' id='word_1_68' title='bbox 409 706 490 746; x_wconf 86' lang='grc' dir='ltr'>τότ’</span> <span class='ocrx_word' id='word_1_69' title='bbox 511 707 663 747; x_wconf 86' lang='grc' dir='ltr'>ἐκεῖνον</span> <span class='ocrx_word' id='word_1_70' title='bbox 683 709 1080 759; x_wconf 84' lang='grc' dir='ltr'>σεσυκοφαντῆσθαι.</span> <span class='ocrx_word' id='word_1_71' title='bbox 1135 707 1249 749; x_wconf 78' lang='grc' dir='ltr'>οὗτος</span> <span class='ocrx_word' id='word_1_72' title='bbox 1268 708 1343 759; x_wconf 81' lang='grc' dir='ltr'>γὰρ</span> <span class='ocrx_word' id='word_1_73' title='bbox 1359 706 1544 763; x_wconf 76' lang='grc' dir='ltr'>ᾐτιάσατ’</span> 
     </span>
     <span class='ocr_line' id='line_1_14' title="bbox 209 772 1546 827; baseline 0.001 -14"><span class='ocrx_word' id='word_1_74' title='bbox 209 774 360 814; x_wconf 84' lang='grc' dir='ltr'>ἐκεῖνον</span> <span class='ocrx_word' id='word_1_75' title='bbox 386 772 479 824; x_wconf 83' lang='grc' dir='ltr'>πρὸς</span> <span class='ocrx_word' id='word_1_76' title='bbox 505 772 632 814; x_wconf 82' lang='grc' dir='ltr'>ἅπασι</span> <span class='ocrx_word' id='word_1_77' title='bbox 660 777 743 815; x_wconf 86' lang='grc' dir='ltr'>τοῖς</span> <span class='ocrx_word' id='word_1_78' title='bbox 771 773 912 815; x_wconf 83' lang='grc' dir='ltr'>ἄλλοις</span> <span class='ocrx_word' id='word_1_79' title='bbox 943 772 1097 814; x_wconf 87' lang='grc' dir='ltr'>ἐλθόντ’</span> <span class='ocrx_word' id='word_1_80' title='bbox 1124 775 1178 814; x_wconf 86' lang='grc' dir='ltr'>εἰς</span> <span class='ocrx_word' id='word_1_81' title='bbox 1203 773 1325 827; x_wconf 83' lang='grc' dir='ltr'>ἀγρὸν</span> <span class='ocrx_word' id='word_1_82' title='bbox 1353 774 1404 817; x_wconf 86' lang='grc' dir='ltr'>ὡς</span> <span class='ocrx_word' id='word_1_83' title='bbox 1429 773 1546 815; x_wconf 82' lang='grc' dir='ltr'>αὑτὸν</span> 
     </span>
     <span class='ocr_line' id='line_1_15' title="bbox 209 839 1546 893; baseline 0.001 -13"><span class='ocrx_word' id='word_1_84' title='bbox 209 840 270 880; x_wconf 82' lang='grc' dir='ltr'>ἐπὶ</span> <span class='ocrx_word' id='word_1_85' title='bbox 297 842 367 882; x_wconf 78' lang='grc' dir='ltr'>τὰς</span> <span class='ocrx_word' id='word_1_86' title='bbox 392 839 627 892; x_wconf 84' lang='grc' dir='ltr'>ἐπικλήρους</span> <span class='ocrx_word' id='word_1_87' title='bbox 654 841 853 881; x_wconf 82' lang='grc' dir='ltr'>εἰσελθεῖν</span> <span class='ocrx_word' id='word_1_88' title='bbox 877 840 943 881; x_wconf 84' lang='grc' dir='ltr'>καὶ</span> <span class='ocrx_word' id='word_1_89' title='bbox 965 840 1040 892; x_wconf 79' lang='grc' dir='ltr'>τὴν</span> <span class='ocrx_word' id='word_1_90' title='bbox 1062 840 1212 893; x_wconf 85' lang='grc' dir='ltr'>μητέρα</span> <span class='ocrx_word' id='word_1_91' title='bbox 1237 840 1308 891; x_wconf 81' lang='grc' dir='ltr'>τὴν</span> <span class='ocrx_word' id='word_1_92' title='bbox 1327 843 1458 888; x_wconf 84' lang='grc' dir='ltr'>αὑτοῦ,</span> <span class='ocrx_word' id='word_1_93' title='bbox 1482 842 1546 882; x_wconf 84' lang='grc' dir='ltr'>καὶ</span> 
     </span>
     <span class='ocr_line' id='line_1_16' title="bbox 206 907 1542 961; baseline 0.001 -13"><span class='ocrx_word' id='word_1_94' title='bbox 206 908 297 950; x_wconf 85' lang='grc' dir='ltr'>τοὺς</span> <span class='ocrx_word' id='word_1_95' title='bbox 329 907 470 959; x_wconf 88' lang='grc' dir='ltr'>νόμους</span> <span class='ocrx_word' id='word_1_96' title='bbox 503 907 596 958; x_wconf 82' lang='grc' dir='ltr'>ἧκεν</span> <span class='ocrx_word' id='word_1_97' title='bbox 623 908 729 961; x_wconf 83' lang='grc' dir='ltr'>ἔχων</span> <span class='ocrx_word' id='word_1_98' title='bbox 751 907 842 949; x_wconf 80' lang='grc' dir='ltr'>τοὺς</span> <span class='ocrx_word' id='word_1_99' title='bbox 875 911 953 949; x_wconf 82' lang='grc' dir='ltr'>τῶν</span> <span class='ocrx_word' id='word_1_100' title='bbox 983 907 1207 960; x_wconf 88' lang='grc' dir='ltr'>ἐπικλήρων</span> <span class='ocrx_word' id='word_1_101' title='bbox 1231 908 1328 961; x_wconf 89' lang='grc' dir='ltr'>πρὸς</span> <span class='ocrx_word' id='word_1_102' title='bbox 1357 908 1402 949; x_wconf 88' lang='grc' dir='ltr'>τὸ</span> <span class='ocrx_word' id='word_1_103' title='bbox 1435 911 1542 949; x_wconf 93' lang='grc' dir='ltr'>δικα-</span> 
     </span>
     <span class='ocr_line' id='line_1_17' title="bbox 209 973 1545 1029; baseline 0.003 -15"><span class='ocrx_word' id='word_1_104' title='bbox 209 973 384 1027; x_wconf 88' lang='grc' dir='ltr'>στήριον.</span> <span class='ocrx_word' id='word_1_105' title='bbox 456 975 519 1015; x_wconf 82' lang='grc' dir='ltr'>καὶ</span> <span class='ocrx_word' id='word_1_106' title='bbox 551 974 647 1027; x_wconf 86' lang='grc' dir='ltr'>πρὸς</span> <span class='ocrx_word' id='word_1_107' title='bbox 677 976 750 1025; x_wconf 81' lang='grc' dir='ltr'>μὲν</span> <span class='ocrx_word' id='word_1_108' title='bbox 784 973 854 1016; x_wconf 78' lang='grc' dir='ltr'>τὸν</span> <span class='ocrx_word' id='word_1_109' title='bbox 886 975 1074 1029; x_wconf 84' lang='grc' dir='ltr'>ἄρχοντα,</span> <span class='ocrx_word' id='word_1_110' title='bbox 1107 974 1154 1016; x_wconf 88' lang='grc' dir='ltr'>ὃν</span> <span class='ocrx_word' id='word_1_111' title='bbox 1183 979 1260 1016; x_wconf 84' lang='grc' dir='ltr'>τῶν</span> <span class='ocrx_word' id='word_1_112' title='bbox 1289 977 1478 1016; x_wconf 86' lang='grc' dir='ltr'>τοιούτων</span> <span class='ocrx_word' id='word_1_113' title='bbox 1507 977 1545 1018; x_wconf 80' lang='grc' dir='ltr'>οἱ</span> 
     </span>
     <span class='ocr_line' id='line_1_18' title="bbox 208 1040 1546 1098; baseline 0.001 -15"><span class='ocrx_word' id='word_1_114' title='bbox 208 1042 323 1093; x_wconf 89' lang='grc' dir='ltr'>νόμοι</span> <span class='ocrx_word' id='word_1_115' title='bbox 348 1041 579 1083; x_wconf 90' lang='grc' dir='ltr'>κελεύουσιν</span> <span class='ocrx_word' id='word_1_116' title='bbox 606 1045 895 1094; x_wconf 88' lang='grc' dir='ltr'>ἐπιμελεῖσθαι,</span> <span class='ocrx_word' id='word_1_117' title='bbox 919 1043 981 1083; x_wconf 86' lang='grc' dir='ltr'>καὶ</span> <span class='ocrx_word' id='word_1_118' title='bbox 1005 1042 1096 1095; x_wconf 90' lang='grc' dir='ltr'>παρ’</span> <span class='ocrx_word' id='word_1_119' title='bbox 1120 1040 1150 1098; x_wconf 80' lang='grc' dir='ltr'><em>ᾦ</em></span> <span class='ocrx_word' id='word_1_120' title='bbox 1171 1046 1224 1098; x_wconf 81' lang='grc' dir='ltr'>τῷ</span> <span class='ocrx_word' id='word_1_121' title='bbox 1247 1045 1321 1095; x_wconf 80' lang='grc' dir='ltr'>μὲν</span> <span class='ocrx_word' id='word_1_122' title='bbox 1345 1043 1546 1094; x_wconf 87' lang='grc' dir='ltr'>ἠδικηκότι</span> 
     </span>
     <span class='ocr_line' id='line_1_19' title="bbox 210 1107 1546 1165; baseline 0.001 -16"><span class='ocrx_word' id='word_1_123' title='bbox 210 1110 387 1152; x_wconf 89' lang='grc' dir='ltr'>κίνδυνος</span> <span class='ocrx_word' id='word_1_124' title='bbox 404 1110 492 1162; x_wconf 85' lang='grc' dir='ltr'>περὶ</span> <span class='ocrx_word' id='word_1_125' title='bbox 511 1113 580 1150; x_wconf 84' lang='grc' dir='ltr'>τοῦ</span> <span class='ocrx_word' id='word_1_126' title='bbox 603 1111 644 1151; x_wconf 89' lang='grc' dir='ltr'>τί</span> <span class='ocrx_word' id='word_1_127' title='bbox 665 1109 741 1165; x_wconf 80' lang='grc' dir='ltr'>χρὴ</span> <span class='ocrx_word' id='word_1_128' title='bbox 763 1113 903 1151; x_wconf 86' lang='grc' dir='ltr'>παθεῖν</span> <span class='ocrx_word' id='word_1_129' title='bbox 921 1107 944 1160; x_wconf 82' lang='grc' dir='ltr'>ἢ</span> <span class='ocrx_word' id='word_1_130' title='bbox 970 1111 1193 1156; x_wconf 84' lang='grc' dir='ltr'>ἀποτεῖσαι,</span> <span class='ocrx_word' id='word_1_131' title='bbox 1214 1114 1267 1165; x_wconf 80' lang='grc' dir='ltr'>τῷ</span> <span class='ocrx_word' id='word_1_132' title='bbox 1294 1111 1326 1150; x_wconf 86' lang='grc' dir='ltr'>δ’</span> <span class='ocrx_word' id='word_1_133' title='bbox 1348 1110 1546 1162; x_wconf 82' lang='grc' dir='ltr'>ἐπεξιόντι</span> 
     </span>
     <span class='ocr_line' id='line_1_20' title="bbox 207 1176 1544 1230; baseline 0.001 -13"><span class='ocrx_word' id='word_1_134' title='bbox 207 1176 290 1228; x_wconf 87' lang='grc' dir='ltr'>μετ’</span> <span class='ocrx_word' id='word_1_135' title='bbox 315 1176 497 1228; x_wconf 78' lang='grc' dir='ltr'>οὐδεμιᾶς</span> <span class='ocrx_word' id='word_1_136' title='bbox 535 1178 671 1228; x_wconf 80' lang='grc' dir='ltr'>ζημίας</span> <span class='ocrx_word' id='word_1_137' title='bbox 701 1177 725 1229; x_wconf 85' lang='grc' dir='ltr'>ἡ</span> <span class='ocrx_word' id='word_1_138' title='bbox 758 1176 940 1229; x_wconf 82' lang='grc' dir='ltr'>βοήθεια,</span> <span class='ocrx_word' id='word_1_139' title='bbox 977 1176 1128 1218; x_wconf 81' lang='grc' dir='ltr'>οὐδέπω</span> <span class='ocrx_word' id='word_1_140' title='bbox 1162 1177 1224 1218; x_wconf 85' lang='grc' dir='ltr'>καὶ</span> <span class='ocrx_word' id='word_1_141' title='bbox 1255 1176 1424 1230; x_wconf 86' lang='grc' dir='ltr'>τήμερον</span> <span class='ocrx_word' id='word_1_142' title='bbox 1457 1176 1544 1229; x_wconf 77' lang='grc' dir='ltr'>ἐξή-</span> 
     </span>
     <span class='ocr_line' id='line_1_21' title="bbox 207 1243 1547 1298; baseline 0.003 -14"><span class='ocrx_word' id='word_1_143' title='bbox 207 1261 364 1292; x_wconf 86' lang='grc' dir='ltr'>τασται,</span> <span class='ocrx_word' id='word_1_144' title='bbox 404 1244 484 1285; x_wconf 89' lang='grc' dir='ltr'>οὐδ’</span> <span class='ocrx_word' id='word_1_145' title='bbox 523 1243 778 1297; x_wconf 83' lang='grc' dir='ltr'>εἰσήγγειλεν</span> <span class='ocrx_word' id='word_1_146' title='bbox 816 1244 897 1285; x_wconf 86' lang='grc' dir='ltr'>οὔτ’</span> <span class='ocrx_word' id='word_1_147' title='bbox 939 1244 997 1296; x_wconf 79' lang='grc' dir='ltr'>ἔμ’</span> <span class='ocrx_word' id='word_1_148' title='bbox 1041 1245 1131 1287; x_wconf 86' lang='grc' dir='ltr'>οὔτε</span> <span class='ocrx_word' id='word_1_149' title='bbox 1169 1245 1240 1286; x_wconf 84' lang='grc' dir='ltr'>τὸν</span> <span class='ocrx_word' id='word_1_150' title='bbox 1280 1246 1457 1298; x_wconf 84' lang='grc' dir='ltr'>Εὔεργον</span> <span class='ocrx_word' id='word_1_151' title='bbox 1492 1245 1547 1288; x_wconf 78' lang='grc' dir='ltr'>ὡς</span> 
     </span>
     <span class='ocr_line' id='line_1_22' title="bbox 207 1313 1545 1368; baseline 0.001 -16"><span class='ocrx_word' id='word_1_152' title='bbox 207 1313 450 1359; x_wconf 85' lang='grc' dir='ltr'>ἀδικοῦντας,</span> <span class='ocrx_word' id='word_1_153' title='bbox 477 1313 520 1353; x_wconf 89' lang='grc' dir='ltr'>ἐν</span> <span class='ocrx_word' id='word_1_154' title='bbox 546 1314 587 1352; x_wconf 83' lang='grc' dir='ltr'>δὲ</span> <span class='ocrx_word' id='word_1_155' title='bbox 612 1316 665 1367; x_wconf 81' lang='grc' dir='ltr'>τῷ</span> <span class='ocrx_word' id='word_1_156' title='bbox 692 1313 930 1368; x_wconf 81' lang='grc' dir='ltr'>δικαστηρίῳ</span> <span class='ocrx_word' id='word_1_157' title='bbox 961 1314 1083 1352; x_wconf 86' lang='grc' dir='ltr'>ταῦτα</span> <span class='ocrx_word' id='word_1_158' title='bbox 1114 1313 1322 1365; x_wconf 89' lang='grc' dir='ltr'>κατηγόρει</span> <span class='ocrx_word' id='word_1_159' title='bbox 1349 1313 1411 1352; x_wconf 84' lang='grc' dir='ltr'>καὶ</span> <span class='ocrx_word' id='word_1_160' title='bbox 1436 1315 1545 1353; x_wconf 88' lang='grc' dir='ltr'>δυοῖν</span> 
     </span>
     <span class='ocr_line' id='line_1_23' title="bbox 206 1378 1545 1432; baseline 0.001 -13"><span class='ocrx_word' id='word_1_161' title='bbox 206 1378 417 1420; x_wconf 84' lang='grc' dir='ltr'>ταλάντοιν</span> <span class='ocrx_word' id='word_1_162' title='bbox 444 1381 528 1421; x_wconf 78' lang='grc' dir='ltr'>εῖλε</span> <span class='ocrx_word' id='word_1_163' title='bbox 552 1380 675 1430; x_wconf 87' lang='grc' dir='ltr'>δίκην.</span> <span class='ocrx_word' id='word_1_164' title='bbox 748 1379 796 1431; x_wconf 79' lang='grc' dir='ltr'>ἦν</span> <span class='ocrx_word' id='word_1_165' title='bbox 821 1381 897 1432; x_wconf 81' lang='grc' dir='ltr'>γὰρ</span> <span class='ocrx_word' id='word_1_166' title='bbox 928 1379 1037 1430; x_wconf 78' lang='grc' dir='ltr'>οἶμαι</span> <span class='ocrx_word' id='word_1_167' title='bbox 1066 1381 1163 1419; x_wconf 79' lang='grc' dir='ltr'>κατὰ</span> <span class='ocrx_word' id='word_1_168' title='bbox 1192 1382 1264 1431; x_wconf 84' lang='grc' dir='ltr'>μὲν</span> <span class='ocrx_word' id='word_1_169' title='bbox 1289 1379 1378 1421; x_wconf 84' lang='grc' dir='ltr'>τοὺς</span> <span class='ocrx_word' id='word_1_170' title='bbox 1403 1380 1545 1430; x_wconf 85' lang='grc' dir='ltr'>νόμους</span> 
     </span>
     <span class='ocr_line' id='line_1_24' title="bbox 207 1444 1544 1503; baseline -0.001 -16"><span class='ocrx_word' id='word_1_171' title='bbox 207 1447 415 1499; x_wconf 88' lang='grc' dir='ltr'>προειδότα</span> <span class='ocrx_word' id='word_1_172' title='bbox 446 1446 519 1497; x_wconf 82' lang='grc' dir='ltr'>τὴν</span> <span class='ocrx_word' id='word_1_173' title='bbox 543 1448 684 1493; x_wconf 85' lang='grc' dir='ltr'>αἰτίαν,</span> <span class='ocrx_word' id='word_1_174' title='bbox 714 1446 778 1500; x_wconf 83' lang='grc' dir='ltr'>ἐφ’</span> <span class='ocrx_word' id='word_1_175' title='bbox 803 1445 829 1503; x_wconf 81' lang='grc' dir='ltr'><em>ᾗ</em></span> <span class='ocrx_word' id='word_1_176' title='bbox 854 1447 1037 1498; x_wconf 82' lang='grc' dir='ltr'>κρίνεται,</span> <span class='ocrx_word' id='word_1_177' title='bbox 1063 1444 1199 1500; x_wconf 79' lang='grc' dir='ltr'>ῥᾴδιον</span> <span class='ocrx_word' id='word_1_178' title='bbox 1225 1447 1374 1497; x_wconf 86' lang='grc' dir='ltr'>τάληθῆ</span> <span class='ocrx_word' id='word_1_179' title='bbox 1405 1447 1467 1487; x_wconf 84' lang='grc' dir='ltr'>καὶ</span> <span class='ocrx_word' id='word_1_180' title='bbox 1496 1447 1544 1486; x_wconf 78' lang='grc' dir='ltr'>τὰ</span> 
     </span>
     <span class='ocr_line' id='line_1_25' title="bbox 208 1513 1544 1570; baseline 0 -16"><span class='ocrx_word' id='word_1_181' title='bbox 208 1513 321 1553; x_wconf 87' lang='grc' dir='ltr'>δίκαι’</span> <span class='ocrx_word' id='word_1_182' title='bbox 341 1513 577 1564; x_wconf 79' lang='grc' dir='ltr'>ἐπιδείξαντ’</span> <span class='ocrx_word' id='word_1_183' title='bbox 598 1515 858 1567; x_wconf 88' lang='grc' dir='ltr'>ἀποφεύγειν,</span> <span class='ocrx_word' id='word_1_184' title='bbox 880 1515 922 1554; x_wconf 87' lang='grc' dir='ltr'>ἐν</span> <span class='ocrx_word' id='word_1_185' title='bbox 942 1515 984 1553; x_wconf 79' lang='grc' dir='ltr'>δὲ</span> <span class='ocrx_word' id='word_1_186' title='bbox 1009 1518 1228 1570; x_wconf 81' lang='grc' dir='ltr'>μεταλλικῇ</span> <span class='ocrx_word' id='word_1_187' title='bbox 1253 1514 1353 1570; x_wconf 89' lang='grc' dir='ltr'>δίκῃ,</span> <span class='ocrx_word' id='word_1_188' title='bbox 1376 1513 1465 1565; x_wconf 86' lang='grc' dir='ltr'>περὶ</span> <span class='ocrx_word' id='word_1_189' title='bbox 1488 1514 1544 1554; x_wconf 85' lang='grc' dir='ltr'>ὧν</span> 
     </span>
     <span class='ocr_line' id='line_1_26' title="bbox 207 1579 1543 1634; baseline 0 -14"><span class='ocrx_word' id='word_1_190' title='bbox 207 1579 286 1621; x_wconf 80' lang='grc' dir='ltr'>οὐδ’</span> <span class='ocrx_word' id='word_1_191' title='bbox 303 1579 351 1621; x_wconf 82' lang='grc' dir='ltr'>ἂν</span> <span class='ocrx_word' id='word_1_192' title='bbox 365 1579 539 1631; x_wconf 85' lang='grc' dir='ltr'>ἤλπισεν</span> <span class='ocrx_word' id='word_1_193' title='bbox 554 1582 672 1621; x_wconf 84' lang='grc' dir='ltr'>αὑτοῦ</span> <span class='ocrx_word' id='word_1_194' title='bbox 690 1579 1103 1633; x_wconf 88' lang='grc' dir='ltr'>κατηγορηθήσεσθαι,</span> <span class='ocrx_word' id='word_1_195' title='bbox 1120 1580 1302 1634; x_wconf 83' lang='grc' dir='ltr'>χαλεπὸν</span> <span class='ocrx_word' id='word_1_196' title='bbox 1320 1580 1543 1634; x_wconf 80' lang='grc' dir='ltr'>παραχρῆμ’</span> 
     </span>
     <span class='ocr_line' id='line_1_27' title="bbox 207 1644 1543 1701; baseline 0 -13"><span class='ocrx_word' id='word_1_197' title='bbox 207 1648 315 1701; x_wconf 78' lang='grc' dir='ltr'>ἔχειν</span> <span class='ocrx_word' id='word_1_198' title='bbox 345 1647 630 1688; x_wconf 84' lang='grc' dir='ltr'>ἀπολύσασθαι</span> <span class='ocrx_word' id='word_1_199' title='bbox 656 1647 727 1698; x_wconf 78' lang='grc' dir='ltr'>τὴν</span> <span class='ocrx_word' id='word_1_200' title='bbox 757 1646 967 1697; x_wconf 79' lang='grc' dir='ltr'>διαβολήν·</span> <span class='ocrx_word' id='word_1_201' title='bbox 1008 1647 1031 1698; x_wconf 85' lang='grc' dir='ltr'>ἡ</span> <span class='ocrx_word' id='word_1_202' title='bbox 1062 1646 1095 1687; x_wconf 88' lang='grc' dir='ltr'>δ’</span> <span class='ocrx_word' id='word_1_203' title='bbox 1121 1647 1217 1699; x_wconf 81' lang='grc' dir='ltr'>ὀργὴ</span> <span class='ocrx_word' id='word_1_204' title='bbox 1242 1644 1303 1699; x_wconf 77' lang='grc' dir='ltr'>(ἡ)</span> <span class='ocrx_word' id='word_1_205' title='bbox 1327 1648 1433 1699; x_wconf 80' lang='grc' dir='ltr'>παρὰ</span> <span class='ocrx_word' id='word_1_206' title='bbox 1464 1650 1543 1688; x_wconf 85' lang='grc' dir='ltr'>τῶν</span> 
     </span>
     <span class='ocr_line' id='line_1_28' title="bbox 207 1712 1543 1769; baseline 0 -14"><span class='ocrx_word' id='word_1_207' title='bbox 207 1713 513 1766; x_wconf 81' lang='grc' dir='ltr'>ἐξηπατημένων</span> <span class='ocrx_word' id='word_1_208' title='bbox 537 1716 612 1755; x_wconf 82' lang='grc' dir='ltr'>ὑπὸ</span> <span class='ocrx_word' id='word_1_209' title='bbox 638 1715 777 1755; x_wconf 86' lang='grc' dir='ltr'>τούτου</span> <span class='ocrx_word' id='word_1_210' title='bbox 803 1718 1014 1760; x_wconf 81' lang='grc' dir='ltr'>δικαστῶν,</span> <span class='ocrx_word' id='word_1_211' title='bbox 1038 1713 1102 1767; x_wconf 86' lang='grc' dir='ltr'>ἐφ’</span> <span class='ocrx_word' id='word_1_212' title='bbox 1128 1712 1157 1769; x_wconf 76' lang='grc' dir='ltr'><em>ᾧ</em></span> <span class='ocrx_word' id='word_1_213' title='bbox 1179 1713 1250 1764; x_wconf 74' lang='grc' dir='ltr'>τὴν</span> <span class='ocrx_word' id='word_1_214' title='bbox 1269 1716 1412 1767; x_wconf 76' lang='grc' dir='ltr'>ψῆφον</span> <span class='ocrx_word' id='word_1_215' title='bbox 1432 1714 1543 1768; x_wconf 78' lang='grc' dir='ltr'>εἶχον</span> 
     </span>
     <span class='ocr_line' id='line_1_29' title="bbox 206 1780 1540 1835; baseline 0 -12"><span class='ocrx_word' id='word_1_216' title='bbox 206 1781 418 1835; x_wconf 83' lang='grc' dir='ltr'>πράγματι,</span> <span class='ocrx_word' id='word_1_217' title='bbox 446 1782 583 1823; x_wconf 90' lang='grc' dir='ltr'>τούτου</span> <span class='ocrx_word' id='word_1_218' title='bbox 609 1783 933 1835; x_wconf 79' lang='grc' dir='ltr'>κατεψηφίσατο.</span> <span class='ocrx_word' id='word_1_219' title='bbox 995 1782 1121 1822; x_wconf 84' lang='grc' dir='ltr'>καίτοι</span> <span class='ocrx_word' id='word_1_220' title='bbox 1154 1780 1223 1822; x_wconf 87' lang='grc' dir='ltr'>τὸν</span> <span class='ocrx_word' id='word_1_221' title='bbox 1248 1781 1420 1823; x_wconf 86' lang='grc' dir='ltr'>ἐκείνους</span> <span class='ocrx_word' id='word_1_222' title='bbox 1453 1780 1540 1832; x_wconf 81' lang='grc' dir='ltr'>ἐξη-</span> 
     </span>
     <span class='ocr_line' id='line_1_30' title="bbox 204 1848 1540 1901; baseline 0 -13"><span class='ocrx_word' id='word_1_223' title='bbox 204 1850 406 1899; x_wconf 90' lang='grc' dir='ltr'>πατηκότα</span> <span class='ocrx_word' id='word_1_224' title='bbox 425 1849 516 1892; x_wconf 79' lang='grc' dir='ltr'>τοὺς</span> <span class='ocrx_word' id='word_1_225' title='bbox 536 1848 735 1896; x_wconf 86' lang='grc' dir='ltr'>δικαστάς,</span> <span class='ocrx_word' id='word_1_226' title='bbox 758 1849 818 1901; x_wconf 79' lang='grc' dir='ltr'>ἆρ’</span> <span class='ocrx_word' id='word_1_227' title='bbox 839 1848 1024 1900; x_wconf 88' lang='grc' dir='ltr'>ὀκνήσειν</span> <span class='ocrx_word' id='word_1_228' title='bbox 1042 1849 1142 1899; x_wconf 79' lang='grc' dir='ltr'>ὑμᾶς</span> <span class='ocrx_word' id='word_1_229' title='bbox 1167 1848 1368 1899; x_wconf 77' lang='grc' dir='ltr'>ἐξαπατᾶν</span> <span class='ocrx_word' id='word_1_230' title='bbox 1387 1849 1540 1895; x_wconf 85' lang='grc' dir='ltr'>οἵεσθε;</span> 
     </span>
     <span class='ocr_line' id='line_1_31' title="bbox 205 1912 1544 1969; baseline 0.001 -14"><span class='ocrx_word' id='word_1_231' title='bbox 205 1912 228 1966; x_wconf 82' lang='grc' dir='ltr'>ἢ</span> <span class='ocrx_word' id='word_1_232' title='bbox 254 1915 528 1957; x_wconf 78' lang='grc' dir='ltr'>πεπιστευκότ’</span> <span class='ocrx_word' id='word_1_233' title='bbox 549 1915 715 1957; x_wconf 81' lang='grc' dir='ltr'>εἰσιέναι</span> <span class='ocrx_word' id='word_1_234' title='bbox 742 1920 824 1959; x_wconf 89' lang='grc' dir='ltr'>τοῖς</span> <span class='ocrx_word' id='word_1_235' title='bbox 850 1915 1094 1969; x_wconf 85' lang='grc' dir='ltr'>πράγμασιν,</span> <span class='ocrx_word' id='word_1_236' title='bbox 1117 1915 1209 1956; x_wconf 87' lang='grc' dir='ltr'>ἀλλ’</span> <span class='ocrx_word' id='word_1_237' title='bbox 1229 1915 1274 1955; x_wconf 82' lang='grc' dir='ltr'>οὐ</span> <span class='ocrx_word' id='word_1_238' title='bbox 1299 1919 1381 1957; x_wconf 91' lang='grc' dir='ltr'>τοῖς</span> <span class='ocrx_word' id='word_1_239' title='bbox 1405 1916 1544 1968; x_wconf 88' lang='grc' dir='ltr'>λόγοις</span> 
     </span>
     <span class='ocr_line' id='line_1_32' title="bbox 207 1981 1542 2038; baseline 0 -16"><span class='ocrx_word' id='word_1_240' title='bbox 207 1983 268 2023; x_wconf 79' lang='grc' dir='ltr'>καὶ</span> <span class='ocrx_word' id='word_1_241' title='bbox 300 1987 383 2025; x_wconf 90' lang='grc' dir='ltr'>τοῖς</span> <span class='ocrx_word' id='word_1_242' title='bbox 414 1988 664 2024; x_wconf 85' lang='grc' dir='ltr'>συνεστῶσιν</span> <span class='ocrx_word' id='word_1_243' title='bbox 693 1983 778 2036; x_wconf 85' lang='grc' dir='ltr'>μεθ’</span> <span class='ocrx_word' id='word_1_244' title='bbox 804 1985 922 2024; x_wconf 85' lang='grc' dir='ltr'>αὑτοῦ</span> <span class='ocrx_word' id='word_1_245' title='bbox 950 1983 1158 2036; x_wconf 86' lang='grc' dir='ltr'>μάρτυσιν,</span> <span class='ocrx_word' id='word_1_246' title='bbox 1188 1987 1242 2038; x_wconf 81' lang='grc' dir='ltr'>τῷ</span> <span class='ocrx_word' id='word_1_247' title='bbox 1273 1982 1306 2022; x_wconf 82' lang='grc' dir='ltr'>τ’</span> <span class='ocrx_word' id='word_1_248' title='bbox 1336 1981 1542 2037; x_wconf 82' lang='grc' dir='ltr'>ἀκαθάρτῳ</span> 
     </span>
     <span class='ocr_line' id='line_1_33' title="bbox 206 2050 1541 2106; baseline 0 -17"><span class='ocrx_word' id='word_1_249' title='bbox 206 2051 268 2091; x_wconf 85' lang='grc' dir='ltr'>καὶ</span> <span class='ocrx_word' id='word_1_250' title='bbox 292 2053 417 2105; x_wconf 81' lang='grc' dir='ltr'>μιαρῷ</span> <span class='ocrx_word' id='word_1_251' title='bbox 452 2055 640 2103; x_wconf 89' lang='grc' dir='ltr'>Προκλεῖ,</span> <span class='ocrx_word' id='word_1_252' title='bbox 667 2055 720 2106; x_wconf 82' lang='grc' dir='ltr'>τῷ</span> <span class='ocrx_word' id='word_1_253' title='bbox 752 2051 914 2106; x_wconf 82' lang='grc' dir='ltr'>μεγάλῳ</span> <span class='ocrx_word' id='word_1_254' title='bbox 948 2050 1086 2105; x_wconf 79' lang='grc' dir='ltr'>τούτῳ,</span> <span class='ocrx_word' id='word_1_255' title='bbox 1123 2051 1185 2091; x_wconf 84' lang='grc' dir='ltr'>καὶ</span> <span class='ocrx_word' id='word_1_256' title='bbox 1218 2053 1462 2102; x_wconf 85' lang='grc' dir='ltr'>Στρατοκλεῖ</span> <span class='ocrx_word' id='word_1_257' title='bbox 1487 2052 1541 2104; x_wconf 79' lang='grc' dir='ltr'>τῷ</span> 
     </span>
    </p>
   </div>
   <div class='ocr_carea' id='block_1_7' title="bbox 1567 523 1584 554">
    <p class='ocr_par' dir='ltr' id='par_1_8' title="bbox 1567 523 1584 554">
     <span class='ocr_line' id='line_1_34' title="bbox 1567 523 1584 554; baseline 0 0"><span class='ocrx_word' id='word_1_258' title='bbox 1567 523 1584 554; x_wconf 82' lang='grc'>5</span> 
     </span>
    </p>
   </div>
   <div class='ocr_carea' id='block_1_8' title="bbox 1568 857 1607 881">
    <p class='ocr_par' dir='ltr' id='par_1_9' title="bbox 1568 857 1607 881">
     <span class='ocr_line' id='line_1_35' title="bbox 1568 857 1607 881; baseline 0.026 -1"><span class='ocrx_word' id='word_1_259' title='bbox 1568 857 1607 881; x_wconf 89' lang='lat'>10</span> 
     </span>
    </p>
   </div>
   <div class='ocr_carea' id='block_1_9' title="bbox 1568 1194 1605 1227">
    <p class='ocr_par' dir='ltr' id='par_1_10' title="bbox 1568 1194 1605 1227">
     <span class='ocr_line' id='line_1_36' title="bbox 1568 1194 1605 1227; baseline 0 0"><span class='ocrx_word' id='word_1_260' title='bbox 1568 1194 1605 1227; x_wconf 86' lang='lat'>15</span> 
     </span>
    </p>
   </div>
   <div class='ocr_carea' id='block_1_10' title="bbox 1564 1528 1606 1550">
    <p class='ocr_par' dir='ltr' id='par_1_11' title="bbox 1564 1528 1606 1550">
     <span class='ocr_line' id='line_1_37' title="bbox 1564 1528 1606 1550; baseline 0 0"><span class='ocrx_word' id='word_1_261' title='bbox 1564 1528 1606 1550; x_wconf 84' lang='lat'>20</span> 
     </span>
    </p>
   </div>
   <div class='ocr_carea' id='block_1_11' title="bbox 1563 1864 1602 1897">
    <p class='ocr_par' dir='ltr' id='par_1_12' title="bbox 1563 1864 1602 1897">
     <span class='ocr_line' id='line_1_38' title="bbox 1563 1864 1602 1897; baseline 0 0"><span class='ocrx_word' id='word_1_262' title='bbox 1563 1864 1602 1897; x_wconf 81' lang='lat'>²5</span> 
     </span>
    </p>
   </div>
   <div class='ocr_carea' id='block_1_12' title="bbox 204 2159 1592 2421">
    <p class='ocr_par' dir='ltr' id='par_1_13' title="bbox 204 2159 1592 2421">
     <span class='ocr_line' id='line_1_39' title="bbox 248 2159 1592 2208; baseline -0.005 -11"><span class='ocrx_word' id='word_1_263' title='bbox 248 2174 267 2203; x_wconf 84' lang='lat'><strong>3</strong></span> <span class='ocrx_word' id='word_1_264' title='bbox 293 2165 494 2206; x_wconf 82' lang='grc' dir='ltr'>ἐξαπατήσας</span> <span class='ocrx_word' id='word_1_265' title='bbox 510 2175 575 2195; x_wconf 89' lang='lat' dir='ltr'>om.</span> <span class='ocrx_word' id='word_1_266' title='bbox 597 2164 621 2195; x_wconf 87' lang='lat' dir='ltr'>S</span> <span class='ocrx_word' id='word_1_267' title='bbox 755 2164 776 2193; x_wconf 92' lang='lat'><strong>6</strong></span> <span class='ocrx_word' id='word_1_268' title='bbox 801 2165 867 2196; x_wconf 80' lang='grc' dir='ltr'>νυνὶ</span> <span class='ocrx_word' id='word_1_269' title='bbox 886 2163 931 2194; x_wconf 89' lang='lat' dir='ltr'>S:</span> <span class='ocrx_word' id='word_1_270' title='bbox 958 2166 1011 2195; x_wconf 86' lang='grc' dir='ltr'>νῦν</span> <span class='ocrx_word' id='word_1_271' title='bbox 1028 2162 1119 2202; x_wconf 88' lang='lat' dir='ltr'><strong>vulg.</strong></span> <span class='ocrx_word' id='word_1_272' title='bbox 1271 2172 1288 2201; x_wconf 94' lang='lat'>7</span> <span class='ocrx_word' id='word_1_273' title='bbox 1314 2162 1413 2202; x_wconf 80' lang='grc' dir='ltr'>ὅσπερ</span> <span class='ocrx_word' id='word_1_274' title='bbox 1433 2159 1515 2208; x_wconf 70' lang='grc' dir='ltr'>ΞῙᾼ</span> <span class='ocrx_word' id='word_1_275' title='bbox 1534 2171 1542 2191; x_wconf 87' lang='lat'><strong>:</strong></span> <span class='ocrx_word' id='word_1_276' title='bbox 1590 2204 1592 2206; x_wconf 26' lang='grc' dir='ltr'>Ι</span> 
     </span>
     <span class='ocr_line' id='line_1_40' title="bbox 206 2203 1538 2249; baseline -0.003 -10"><span class='ocrx_word' id='word_1_277' title='bbox 206 2209 280 2249; x_wconf 81' lang='grc' dir='ltr'>ὅπερ</span> <span class='ocrx_word' id='word_1_278' title='bbox 298 2209 384 2247; x_wconf 84' lang='lat' dir='ltr'>vulg.</span> <span class='ocrx_word' id='word_1_279' title='bbox 551 2209 570 2238; x_wconf 87' lang='lat'><em>8</em></span> <span class='ocrx_word' id='word_1_280' title='bbox 597 2211 911 2248; x_wconf 83' lang='grc' dir='ltr'>σεσυκοφαντεισθαι</span> <span class='ocrx_word' id='word_1_281' title='bbox 930 2206 954 2237; x_wconf 88' lang='lat' dir='ltr'>S</span> <span class='ocrx_word' id='word_1_282' title='bbox 1129 2215 1166 2245; x_wconf 90' lang='lat'>¹5</span> <span class='ocrx_word' id='word_1_283' title='bbox 1190 2205 1278 2246; x_wconf 82' lang='grc' dir='ltr'>μετ’]</span> <span class='ocrx_word' id='word_1_284' title='bbox 1298 2210 1377 2245; x_wconf 82' lang='lat' dir='ltr'>post</span> <span class='ocrx_word' id='word_1_285' title='bbox 1396 2218 1409 2235; x_wconf 87' lang='grc' dir='ltr'>ε</span> <span class='ocrx_word' id='word_1_286' title='bbox 1428 2204 1459 2233; x_wconf 89' lang='lat' dir='ltr'>iv</span> <span class='ocrx_word' id='word_1_287' title='bbox 1477 2203 1538 2235; x_wconf 84' lang='lat' dir='ltr'><strong>htt.</strong></span> 
     </span>
     <span class='ocr_line' id='line_1_41' title="bbox 205 2246 1540 2293; baseline -0.002 -12"><span class='ocrx_word' id='word_1_288' title='bbox 205 2252 346 2289; x_wconf 84' lang='lat' dir='ltr'>spatium</span> <span class='ocrx_word' id='word_1_289' title='bbox 366 2252 398 2281; x_wconf 86' lang='lat' dir='ltr'>in</span> <span class='ocrx_word' id='word_1_290' title='bbox 417 2252 441 2282; x_wconf 87' lang='lat' dir='ltr'>S</span> <span class='ocrx_word' id='word_1_291' title='bbox 531 2251 685 2293; x_wconf 80' lang='grc' dir='ltr'>τήμερον]</span> <span class='ocrx_word' id='word_1_292' title='bbox 706 2254 761 2282; x_wconf 84' lang='grc' dir='ltr'>νῦν</span> <span class='ocrx_word' id='word_1_293' title='bbox 777 2250 842 2289; x_wconf 83' lang='lat' dir='ltr'>FQ</span> <span class='ocrx_word' id='word_1_294' title='bbox 972 2260 1009 2288; x_wconf 92' lang='lat'>17</span> <span class='ocrx_word' id='word_1_295' title='bbox 1036 2263 1208 2291; x_wconf 84' lang='grc' dir='ltr'>κατηγορει</span> <span class='ocrx_word' id='word_1_296' title='bbox 1223 2249 1247 2279; x_wconf 86' lang='lat' dir='ltr'>S</span> <span class='ocrx_word' id='word_1_297' title='bbox 1263 2260 1270 2279; x_wconf 71' lang='grc' dir='ltr'>ε</span> <span class='ocrx_word' id='word_1_298' title='bbox 1295 2250 1474 2288; x_wconf 80' lang='grc' dir='ltr'>κατηγορεῖ</span> <span class='ocrx_word' id='word_1_299' title='bbox 1486 2246 1518 2277; x_wconf 92' lang='grc' dir='ltr'><strong>Α</strong></span> <span class='ocrx_word' id='word_1_300' title='bbox 1532 2258 1540 2277; x_wconf 88' lang='lat'><strong>:</strong></span> 
     </span>
     <span class='ocr_line' id='line_1_42' title="bbox 205 2291 1540 2335; baseline -0.004 -10"><span class='ocrx_word' id='word_1_301' title='bbox 205 2298 431 2335; x_wconf 75' lang='grc' dir='ltr'>κατηγορεῖται</span> <span class='ocrx_word' id='word_1_302' title='bbox 452 2297 516 2328; x_wconf 67' lang='grc' dir='ltr'>(καὶ</span> <span class='ocrx_word' id='word_1_303' title='bbox 534 2297 614 2333; x_wconf 71' lang='grc' dir='ltr'>οἴη.)</span> <span class='ocrx_word' id='word_1_304' title='bbox 634 2294 702 2333; x_wconf 80' lang='lat' dir='ltr'>FQ</span> <span class='ocrx_word' id='word_1_305' title='bbox 864 2304 902 2334; x_wconf 87' lang='lat'>19</span> <span class='ocrx_word' id='word_1_306' title='bbox 925 2293 1109 2334; x_wconf 79' lang='grc' dir='ltr'>προειδότα]</span> <span class='ocrx_word' id='word_1_307' title='bbox 1128 2292 1300 2333; x_wconf 83' lang='grc' dir='ltr'>προιδόντα</span> <span class='ocrx_word' id='word_1_308' title='bbox 1317 2291 1341 2322; x_wconf 87' lang='lat' dir='ltr'>S</span> <span class='ocrx_word' id='word_1_309' title='bbox 1497 2301 1540 2321; x_wconf 85' lang='lat'>20</span> 
     </span>
     <span class='ocr_line' id='line_1_43' title="bbox 205 2333 1539 2380; baseline -0.003 -12"><span class='ocrx_word' id='word_1_310' title='bbox 205 2338 384 2378; x_wconf 73' lang='grc' dir='ltr'>ἀποφυγεῖν</span> <span class='ocrx_word' id='word_1_311' title='bbox 400 2339 425 2368; x_wconf 79' lang='lat' dir='ltr'>F</span> <span class='ocrx_word' id='word_1_312' title='bbox 438 2339 468 2377; x_wconf 83' lang='lat' dir='ltr'>Q</span> <span class='ocrx_word' id='word_1_313' title='bbox 573 2339 642 2380; x_wconf 81' lang='grc' dir='ltr'>δίκῃ</span> <span class='ocrx_word' id='word_1_314' title='bbox 662 2339 695 2368; x_wconf 78' lang='lat' dir='ltr'>in</span> <span class='ocrx_word' id='word_1_315' title='bbox 711 2351 762 2379; x_wconf 88' lang='grc' dir='ltr'>γρ.</span> <span class='ocrx_word' id='word_1_316' title='bbox 785 2336 852 2375; x_wconf 84' lang='lat' dir='ltr'>FQ</span> <span class='ocrx_word' id='word_1_317' title='bbox 1007 2347 1045 2366; x_wconf 88' lang='lat'>21</span> <span class='ocrx_word' id='word_1_318' title='bbox 1071 2335 1207 2376; x_wconf 76' lang='grc' dir='ltr'>ἤλπιζεν</span> <span class='ocrx_word' id='word_1_319' title='bbox 1225 2335 1257 2365; x_wconf 85' lang='grc' dir='ltr'>Α</span> <span class='ocrx_word' id='word_1_320' title='bbox 1410 2345 1451 2364; x_wconf 86' lang='grc'>22</span> <span class='ocrx_word' id='word_1_321' title='bbox 1477 2333 1539 2376; x_wconf 76' lang='grc' dir='ltr'>(ἡ)</span> 
     </span>
     <span class='ocr_line' id='line_1_44' title="bbox 204 2376 1537 2421; baseline -0.002 -11"><span class='ocrx_word' id='word_1_322' title='bbox 204 2384 285 2421; x_wconf 80' lang='grc' dir='ltr'>παρὰ</span> <span class='ocrx_word' id='word_1_323' title='bbox 303 2382 466 2412; x_wconf 82' lang='lat' dir='ltr'>Schaefer</span> <span class='ocrx_word' id='word_1_324' title='bbox 586 2392 627 2419; x_wconf 80' lang='lat'>24</span> <span class='ocrx_word' id='word_1_325' title='bbox 653 2381 767 2413; x_wconf 82' lang='grc' dir='ltr'>τούτου</span> <span class='ocrx_word' id='word_1_326' title='bbox 786 2381 882 2412; x_wconf 91' lang='lat' dir='ltr'>codd.</span> <span class='ocrx_word' id='word_1_327' title='bbox 901 2391 908 2411; x_wconf 81' lang='lat' dir='ltr'><strong><em>z</em></strong></span> <span class='ocrx_word' id='word_1_328' title='bbox 932 2383 1028 2412; x_wconf 82' lang='grc' dir='ltr'>τοῦτο</span> <span class='ocrx_word' id='word_1_329' title='bbox 1047 2380 1145 2411; x_wconf 84' lang='lat' dir='ltr'>Blass</span> <span class='ocrx_word' id='word_1_330' title='bbox 1273 2389 1312 2418; x_wconf 87' lang='lat'>27</span> <span class='ocrx_word' id='word_1_331' title='bbox 1337 2379 1404 2418; x_wconf 77' lang='grc' dir='ltr'>μεθ’</span> <span class='ocrx_word' id='word_1_332' title='bbox 1423 2376 1537 2416; x_wconf 81' lang='grc' dir='ltr'>αὑτοῦ]</span> 
     </span>
    </p>
   </div>
   <div class='ocr_carea' id='block_1_13' title="bbox 203 2424 839 2466">
    <p class='ocr_par' dir='ltr' id='par_1_14' title="bbox 203 2424 839 2466">
     <span class='ocr_line' id='line_1_45' title="bbox 203 2424 839 2466; baseline -0.002 -11"><span class='ocrx_word' id='word_1_333' title='bbox 203 2425 327 2457; x_wconf 81' lang='grc' dir='ltr'>τούτοις</span> <span class='ocrx_word' id='word_1_334' title='bbox 345 2425 375 2455; x_wconf 92' lang='grc' dir='ltr'>Α</span> <span class='ocrx_word' id='word_1_335' title='bbox 466 2429 511 2466; x_wconf 78' lang='grc' dir='ltr'>τῷ</span> <span class='ocrx_word' id='word_1_336' title='bbox 528 2424 573 2464; x_wconf 83' lang='grc' dir='ltr'>τ’]</span> <span class='ocrx_word' id='word_1_337' title='bbox 591 2427 639 2456; x_wconf 84' lang='grc' dir='ltr'>καὶ</span> <span class='ocrx_word' id='word_1_338' title='bbox 659 2429 703 2465; x_wconf 79' lang='grc' dir='ltr'>τῷ</span> <span class='ocrx_word' id='word_1_339' title='bbox 722 2425 754 2465; x_wconf 87' lang='grc' dir='ltr'>γ’</span> <span class='ocrx_word' id='word_1_340' title='bbox 774 2424 839 2462; x_wconf 83' lang='lat' dir='ltr'>FQ</span> 
     </span>
    </p>
   </div>
  </div>
 </body>
</html>
