1685 2772
128 121 294 176 xxxvn]
446 126 607 163 ΠΡΟΣ
656 125 1132 163 ΠΑΝΤΑΙΝΕΤΟΝ

126 234 381 290 πιθανωτάτῳ
402 234 560 276 πάντων
580 234 798 287 ἀνθρώπων
815 234 878 275 καὶ
898 233 1169 289 πονηροτάτῳ,
1190 234 1252 275 καὶ
1271 238 1324 289 τῷ
1344 236 1467 286 μηδὲν

125 303 474 353 ὑποστελλόμενον
491 302 580 353 μηδ’
600 302 894 355 αἰσχυνόμενον
915 300 1108 351 κλαήσειν
1131 302 1192 342 καὶ
1218 302 1463 353 ὀδυρεῖσθαι;

127 371 254 410 καίτοι
277 369 470 410 τοσούτου
489 371 567 411 δεῖς
588 367 702 409 ἐλέου
726 367 832 410 τινὸς
856 365 965 417 ἄξιος
992 367 1104 414 εἶναι,
1128 369 1234 409 ὥστε
1257 369 1466 419 μισηθείης

125 436 173 477 ἂν
199 434 410 476 δικαιότατ’
435 435 652 488 ἀνθρώπων
672 433 718 486 ἐξ
739 436 794 476 ὧν
818 433 1189 487 πεπραγμάτευσαι·
1227 436 1269 476 ὅς
1295 435 1332 488 γ’
1352 436 1462 488 ὀφεί-

87 514 105 547 5
127 509 210 544 λων
236 505 336 554 μνᾶς
368 501 510 543 ἑκατὸν
543 502 606 543 καὶ
638 500 757 543 πέντε
791 502 854 542 καὶ
885 501 960 555 οὐχ
995 502 1076 544 οἷός
1110 501 1143 542 τ’
1178 501 1230 542 ὢν
1264 505 1463 549 διαλῦσαι,

125 569 216 612 τοὺς
239 573 359 610 ταῦτα
384 568 759 622 συνευπορήσαντας
784 569 846 609 καὶ
871 568 1108 621 γενομένους
1134 570 1282 611 αἰτίους
1307 587 1373 609 σοι
1398 573 1466 609 τοῦ

126 639 174 677 τὰ
207 637 336 677 δίκαια
369 639 536 686 ποιῆσαι
569 640 650 678 τοῖς
685 639 968 687 συμβαλοῦσιν
1004 635 1050 686 ἐξ
1080 637 1218 689 ἀρχῆς,
1253 636 1375 690 χωρὶς
1411 638 1465 676 ὧν

128 703 216 756 περὶ
241 703 338 744 αὐτὰ
363 704 412 743 τὰ
441 702 658 755 συμβόλαι’
683 702 842 754 ἠδίκεις,
871 703 935 743 καὶ
967 702 1063 755 πρὸς
1097 704 1297 755 ἀτιμῶσαι
1327 704 1462 754 ζητεῖς.

128 771 191 811 καὶ
215 770 306 813 τοὺς
329 772 402 822 μὲν
426 769 574 813 ἄλλους
602 769 693 812 τοὺς
723 768 1021 821 δανειζομένους
1047 771 1124 810 ἴδοι
1148 787 1207 812 τις
1231 769 1280 811 ἂν
1305 768 1462 819 ἐξιστα-

71 862 108 884 10
125 837 267 890 μένους
291 841 368 878 τῶν
393 839 531 879 ὄντων·
569 837 635 878 σοὶ
668 836 702 877 δ’
729 837 750 876 ὁ
775 837 1078 888 συμβεβληκὼς
1107 841 1221 877 τοῦτο
1252 837 1461 884 πέπονθεν,

127 905 190 945 καὶ
215 905 402 947 δανείσας
425 903 622 945 τάλαντον
648 903 704 944 δύ’
725 904 912 956 ὤφληκεν
933 906 1264 957 συκοφαντηθείς.
1319 905 1397 957 ἐγὼ
1422 906 1463 945 δὲ

127 970 413 1024 τετταράκοντα
435 974 535 1023 μνᾶς
559 972 745 1013 δανείσας
771 973 879 1012 δυοῖν
904 970 1119 1011 ταλάντοιν
1142 972 1301 1021 ταυτηνὶ
1327 971 1463 1024 φεύγω

128 1039 252 1089 δίκην.
313 1039 375 1079 καὶ
412 1037 476 1090 ἐφ’
509 1039 568 1080 οἷς
603 1039 868 1078 δανείσασθαι
903 1040 976 1088 μὲν
1006 1037 1246 1078 οὐδεπώποτ’
1279 1036 1465 1088 ἐδυνήθης

129 1104 268 1146 ἑκατὸν
291 1109 399 1156 μνῶν
424 1104 562 1152 πλέον,
589 1104 792 1157 πέπρακας
825 1107 867 1145 δὲ
906 1102 1091 1154 καθάπαξ
1117 1108 1234 1156 τριῶν
1257 1104 1464 1146 ταλάντων

71 1191 108 1224 15
131 1172 192 1212 καὶ
218 1172 441 1225 δισχιλίων,
464 1173 519 1213 εἰς
537 1175 658 1212 ταῦτα
676 1171 830 1223 τέτταρ’
853 1171 905 1214 ὡς
925 1172 1050 1212 ἔοικεν
1071 1172 1257 1222 ἠδίκησαι
1275 1171 1463 1213 τάλαντα.

129 1238 204 1279 ὑπὸ
233 1242 300 1279 τοῦ
332 1242 471 1286 ταῦτα;
508 1238 585 1279 ὑπὸ
617 1242 687 1278 τοῦ
719 1238 874 1279 οἰκέτου
905 1238 952 1289 νὴ
985 1238 1064 1279 Δία
1092 1242 1160 1279 τοῦ
1185 1240 1290 1290 ἐμοῦ.
1349 1240 1408 1280 τίς
1433 1239 1467 1278 δ’

131 1305 178 1346 ἂν
203 1304 334 1362 οἰκέτῃ
368 1304 675 1359 παραχωρήσειε
705 1307 874 1356 πολίτης
904 1309 981 1346 τῶν
1009 1307 1145 1353 αὑτοῦ;
1183 1303 1205 1356 ἢ
1231 1306 1288 1348 τίς
1313 1305 1361 1346 ἂν
1387 1304 1464 1359 φή-

131 1389 251 1419 σειεν,
286 1373 339 1413 ὧν
370 1373 482 1423 δίκην
513 1373 653 1425 λαχὼν
685 1371 830 1429 ᾕρηκεν
861 1373 974 1414 οὗτος
1008 1373 1194 1426 Εὔεργον,
1229 1373 1377 1413 τούτων
1403 1373 1466 1413 καὶ

129 1443 197 1480 τὸν
217 1439 309 1491 ἐμὸν
334 1439 439 1480 παῖδ’
458 1440 677 1480 ὑπεύθυνον
705 1439 805 1480 εἶναι
831 1439 1067 1492 προσήκειν;
1105 1440 1226 1493 χωρὶς
1250 1442 1292 1480 δὲ
1316 1440 1465 1480 τούτων

71 1530 111 1552 20
131 1506 247 1548 αὐτὸς
270 1506 388 1547 αὐτὸν
414 1507 526 1549 οὗτος
553 1507 685 1560 ἀφῆκε
709 1511 788 1547 τῶν
812 1507 1002 1547 τοιούτων
1028 1508 1163 1548 αἰτιῶν
1189 1509 1366 1548 ἁπασῶν.
1422 1507 1467 1548 οὗ

131 1575 206 1626 γὰρ
239 1577 308 1614 νῦν
335 1574 413 1615 ἔδει
445 1574 594 1627 λέγειν,
628 1573 708 1614 οὐδ’
734 1575 790 1615 εἰς
823 1573 894 1625 τὴν
920 1575 1143 1626 πρόκλησιν
1172 1574 1342 1627 γράφειν
1372 1575 1414 1614 ἐν
1442 1572 1468 1630 ᾗ

131 1641 364 1692 βασανίζειν
384 1639 524 1698 ἐξῄτει,
546 1642 654 1681 ἀλλὰ
681 1640 844 1695 λαχόντ’
865 1642 1001 1696 ἐκείνῳ
1028 1640 1099 1691 τὴν
1119 1642 1229 1691 δίκην
1248 1640 1316 1681 τὸν
1339 1640 1467 1692 κύριον

132 1708 285 1749 διώκειν
310 1707 392 1760 ἐμέ.
446 1712 513 1749 νῦν
540 1708 572 1748 δ’
598 1710 759 1762 εἴληχεν
784 1710 858 1760 μὲν
884 1708 982 1759 ἐμοί,
1014 1712 1224 1761 κατηγορεῖ
1246 1707 1277 1748 δ’
1303 1708 1467 1748 ἐκείνου.

131 1778 252 1815 ταῦτα
276 1774 308 1815 δ’
333 1775 401 1816 οὐκ
432 1777 553 1816 ἐῶσιν
579 1777 615 1816 οἱ
648 1776 774 1827 νόμοι·
812 1776 871 1817 τίς
905 1777 980 1828 γὰρ
1014 1775 1172 1816 πώποτε
1205 1779 1257 1830 τῷ
1291 1775 1467 1831 δεσπότῃ

73 1862 111 1894 25
131 1842 282 1895 λαχών,
300 1846 369 1883 τοῦ
385 1843 527 1883 δούλου
546 1844 595 1883 τὰ
612 1842 836 1895 πράγματα,
855 1842 991 1895 ὥσπερ
1013 1843 1156 1895 κυρίου,
1175 1841 1447 1894 κατηγόρησεν
1452 1858 1466 1888 ;

199 1908 387 1950 Ἐπειδὰν
419 1911 552 1950 τοίνυν
585 1926 644 1952 τις
676 1910 795 1950 αὐτὸν
829 1910 963 1962 ἔρηται
991 1912 1000 1927 ‘
1020 1911 1084 1950 καὶ
1115 1911 1156 1950 τί
1184 1909 1334 1949 δίκαιον
1368 1907 1468 1958 ἕξεις

131 1973 266 2027 λέγειν
299 1979 394 2028 πρὸς
425 1975 729 2027 Νικόβουλον,·’
758 1981 935 2028 μισοῦσι,
970 1977 1111 2028 φησίν,
1143 1975 1346 2026 Ἀθηναῖοι
1378 1975 1468 2016 τοὺς

133 2043 392 2092 δανείζοντας”
444 2043 697 2094 Νικόβουλος
734 2043 767 2083 δ’
805 2044 1023 2096 ἐπίφθονός
1067 2045 1166 2089 ἐστι,
1212 2043 1274 2083 καὶ
1314 2041 1467 2095 ταχέως

131 2110 298 2159 βαδίζει,
321 2110 384 2150 καὶ
408 2108 512 2161 μέγα
531 2109 762 2162 φθέγγεται,
786 2111 847 2150 καὶ
872 2111 1094 2162 βακτηρίαν
1120 2113 1249 2163 φορεῖ·
1287 2112 1409 2149 ταῦτα
1434 2107 1466 2148 δ’

178 2227 197 2246 2
220 2217 292 2256 μηδ’
311 2218 544 2257 αἰσχυνόμενον
563 2217 586 2248 S
604 2217 635 2247 A
648 2219 677 2248 D
693 2219 777 2260 pr.
798 2218 829 2258 Q
841 2232 893 2260 γρ.
910 2230 916 2250 ;
943 2229 1007 2250 om.
1032 2218 1070 2248 F¹
1081 2217 1126 2257 Q’
1219 2218 1383 2260 ὀδύρεσθαι
1402 2216 1467 2248 SA

133 2269 154 2298 3
177 2261 308 2292 τοσοῦτ’
327 2263 426 2293 οὐδεὶς
444 2261 467 2291 S
481 2261 506 2291 F
518 2261 547 2290 D
635 2262 819 2302 μισηθείης]
837 2267 942 2302 μειθη-
963 2276 1028 2300 ειης
1046 2262 1069 2293 S
1219 2274 1237 2301 4
1262 2275 1301 2303 ’γε
1319 2261 1443 2291 Aldina
1460 2273 1466 2291 :

135 2303 197 2344 γὰρ
215 2304 312 2335 codd.
424 2305 444 2334 8
464 2305 582 2342 ἠδίκεις
600 2304 630 2334 Α
646 2316 652 2335 :
677 2306 838 2344 ἠδικήκεις
855 2305 943 2345 vulg.
959 2317 966 2336 t
990 2306 1140 2344 ἠδίκηκας
1161 2305 1324 2336 Schaefer
1392 2305 1465 2342 πρὸς

135 2346 291 2386 ἀτιμῶσαι
310 2348 439 2377 divisim
459 2348 482 2378 S
598 2358 635 2378 12
659 2349 783 2387 ταύτην
799 2349 829 2378 Α
971 2351 1009 2379 16
1033 2349 1094 2380 Δία
1110 2349 1133 2380 S
1146 2348 1176 2379 A
1193 2360 1199 2379 ε
1224 2350 1280 2381 τὸν
1297 2349 1358 2380 Δία
1375 2348 1464 2388 vulg.

135 2399 177 2419 22
201 2391 349 2430 λαχόντα
367 2391 396 2420 Α
412 2402 418 2420 :
443 2391 609 2432 λαχόντας
627 2397 703 2423 cett.
795 2403 837 2432 29
862 2392 1056 2433 βακτηρίαν]
1076 2393 1246 2431 καμπυλὴν
1265 2392 1430 2430 Goligher

1495 379 1543 415 49

1496 633 1614 689 [981]

1497 914 1541 950 50

1497 1449 1537 1485 51

1502 1919 1545 1956 52
