1685 2772
59 112 179 167 [866]

136 578 179 603 10

63 973 176 1029 [867]

133 1106 172 1131 11

138 1447 177 1472 12

138 1848 178 1883 13

637 123 1126 162 ΔΗΜΟΣΘΕΝΟΎΣ
1443 118 1543 174 [xxx

211 235 394 276 ἀπεδίδου
432 237 500 285 τῆς
533 234 692 287 προικὸς
721 234 891 289 Ἀφόβῳ
928 236 1026 274 κατὰ
1061 236 1131 276 τὰς
1163 235 1390 287 ὁμολογίας,
1423 235 1546 276 ἔπειθ’

211 301 262 344 ὡς
301 301 414 344 αὐτὸς
446 302 636 355 ’Ἄφοβος
675 302 874 354 ὡμολόγει
914 302 1143 352 κομίζεσθαι
1180 302 1248 342 τὸν
1285 303 1404 344 τόκον
1440 303 1546 355 παρὰ

208 368 488 422 Τιμοκράτους.
563 370 629 410 καί
649 385 716 420 μοι
738 371 845 420 λαβὲ
870 370 939 410 τὰς
963 370 1185 421 μαρτυρίας.

758 491 987 519 ΜΑΡΤΤΡΙΑῙ.

276 560 352 612 Ἐξ
373 562 496 616 ἀρχῆς
520 562 593 613 μὲν
612 562 744 602 τοίνυν
770 562 1024 613 ὁμολογεῖται
1048 560 1100 611 μὴ
1128 562 1288 611 δοθῆναι
1312 560 1383 611 τὴν
1404 564 1545 613 προῖκα
1565 579 1582 609 5

207 630 304 679 μηδὲ
329 628 518 680 γενέσθαι
545 629 676 680 κύριον
700 628 818 678 αὐτῆς
836 626 1041 680 ”Αφοβον.
1095 630 1217 678 δῆλον
1243 630 1284 668 δὲ
1310 629 1373 668 καὶ
1400 630 1441 668 ἐκ
1466 631 1545 668 τῶν

209 696 368 736 εἰκότων
394 697 454 735 ὅτι
477 696 624 736 τούτων
644 695 750 748 ἕνεχ’
769 696 822 735 ὧν
848 696 982 746 εἴρηκα
1007 695 1188 746 ὀφείλειν
1207 695 1363 734 εἵλοντο
1387 697 1545 745 μᾶλλον

207 758 230 811 ἢ
268 761 499 812 καταμεῖξαι
527 761 599 812 τὴν
632 761 759 814 προῖκ’
795 763 850 802 εἷς
881 760 954 811 τὴν
986 760 1127 801 οὐσίαν
1159 760 1230 810 τὴν
1256 761 1443 813 Ἀφόβου
1471 761 1545 811 τὴν

208 829 308 869 οὕτω
343 827 718 878 κινδυνευθήσεσθαι
750 827 995 880 μέλλουσαν.
1069 828 1157 867 οὔτε
1190 828 1266 879 γὰρ
1299 827 1346 868 δι’
1377 829 1544 879 ἀπορίαν

208 896 291 936 οἷόν
324 895 358 936 τ’
391 897 515 936 εἰπεῖν
549 895 600 937 ὡς
635 895 703 935 οὐκ
730 895 843 936 εὐθὺς
872 893 1073 934 ἀπέδοσαν
1102 893 1356 946 (Τιμοκράτει
1389 911 1431 934 τε
1468 894 1545 947 γάρ
1567 914 1606 936 10

210 964 322 1003 ἐστιν
350 962 469 1003 οὐσία
499 961 625 1003 πλέον
657 959 681 1013 ἢ
714 961 809 1002 δέκα
838 960 1056 1007 ταλάντων,
1085 959 1272 1013 Ὀνήτορί
1298 977 1342 1001 τε
1371 960 1496 1002 πλέον
1520 958 1544 1011 ἢ

207 1028 430 1082 τριάκοντα,
452 1028 547 1069 ὥστ’
565 1029 635 1070 οὐκ
654 1028 702 1070 ἂν
721 1030 784 1069 διὰ
801 1029 919 1069 τοῦτό
936 1027 974 1080 γ’
995 1027 1073 1068 εἶεν
1093 1027 1161 1067 οὐκ
1187 1027 1299 1069 εὐθὺς
1319 1026 1546 1079 δεδωκότες)

207 1097 298 1137 οὔτε
330 1096 507 1147 κτήματα
534 1098 608 1148 μὲν
632 1095 680 1146 ἧν
705 1096 849 1142 αὐτοῖς,
877 1094 1062 1147 ἀργύριον
1087 1094 1120 1135 δ’
1146 1094 1213 1134 οὐκ
1239 1094 1379 1149 ἔτυχεν
1404 1095 1543 1147 παρόν,

206 1163 229 1214 ἡ
255 1163 353 1216 γυνὴ
386 1163 420 1204 δ’
452 1162 651 1217 ἐχήρευεν,
679 1162 739 1203 διὸ
772 1162 919 1214 πρᾶξαι
948 1161 1055 1202 ταῦτ’
1081 1161 1334 1216 ἠπείχθησαν
1358 1162 1433 1215 οὐχ
1466 1161 1546 1213 ἅμα

206 1230 277 1281 τὴν
315 1234 457 1283 προῖκα
495 1231 682 1272 διδόντες·
738 1230 924 1282 ἀργύριόν
965 1246 1007 1270 τε
1043 1230 1118 1281 γὰρ
1156 1230 1264 1269 οὗτοι
1299 1229 1546 1279 δανείζουσιν
1568 1247 1604 1278 15

208 1297 346 1339 ἄλλοις
368 1298 437 1338 οὐκ
461 1299 613 1350 ὀλίγον,
634 1296 903 1338 συνοικοῦσάν
922 1314 966 1338 τε
995 1296 1153 1347 ταύτην,
1181 1296 1273 1337 ἀλλ’
1289 1296 1335 1337 οὐ
1353 1296 1543 1350 χηρεύου-

210 1382 287 1405 σαν
313 1367 418 1418 παρᾶ
441 1363 710 1417 Τιμοκράτους
735 1363 940 1415 ἐξέδοσαν,
968 1363 1066 1404 ὥστ’
1102 1363 1181 1404 οὐδ’
1207 1363 1256 1404 ἂν
1290 1363 1438 1414 ταύτην
1472 1362 1546 1414 τὴν

212 1434 366 1484 σκῆψιν
392 1432 550 1474 εἰκότως
569 1431 694 1472 αὐτῶν
713 1448 772 1473 τις
792 1430 1042 1481 ἀποδέξαιτο.
1104 1431 1167 1471 καὶ
1184 1433 1256 1482 μὲν
1277 1430 1336 1482 δή,
1357 1428 1387 1471 ὦ
1407 1430 1544 1483 ἄνδρες

209 1499 404 1545 δικασταί,
447 1498 589 1539 κάκεῖν’
631 1497 679 1539 ἂν
720 1497 866 1541 πάντες
913 1497 1220 1550 ὁμολογήσαιτε,
1264 1500 1324 1539 ὅτι
1365 1502 1544 1539 τοιοῦτον

208 1569 371 1618 πρᾶγμα
390 1565 675 1607 συναλλάττων
695 1566 884 1606 ὁστισοῦν
905 1564 1025 1606 ἕλοιτ’
1045 1564 1094 1605 ἂν
1114 1565 1233 1621 ἑτέρῳ
1253 1569 1410 1617 μᾶλλον
1430 1566 1541 1618 ὀφεί-
1567 1583 1606 1605 20

206 1638 294 1673 λειν
318 1630 341 1683 ἢ
369 1636 538 1690 κηδεστῇ
562 1632 634 1683 τὴν
658 1636 799 1685 προῖκα
822 1632 874 1683 μὴ
902 1633 1128 1673 ἀποδοῦναι.
1179 1632 1232 1684 μὴ
1254 1632 1544 1684 διαλυσάμενος

208 1702 280 1751 μὲν
299 1702 376 1752 γὰρ
400 1700 576 1752 γίγνεται
600 1698 779 1753 χρήστης
804 1699 951 1750 ἄδηλος
972 1699 1041 1740 εἴτ’
1063 1700 1262 1740 ἀποδώσει
1282 1701 1440 1742 δικαίως
1465 1701 1543 1740 ε’ίτε

209 1766 275 1817 μή,
301 1769 398 1818 μετὰ
428 1769 470 1807 δὲ
498 1769 566 1817 τῆς
597 1770 781 1818 γυναικὸς
809 1767 989 1817 τάκείνης
1019 1767 1189 1808 ἀποδοὺς
1214 1769 1357 1810 οἰκεῖος
1385 1768 1449 1808 καὶ
1474 1784 1541 1817 κη-

211 1833 367 1884 δεστής·
419 1835 461 1874 ἐν
497 1833 658 1888 οὐδεμιᾷ
698 1833 773 1885 γάρ
817 1835 928 1874 ἐστιν
966 1834 1122 1888 ὑποψία
1163 1836 1211 1874 τὰ
1252 1835 1382 1875 δίκαια
1417 1833 1545 1875 πάντα

211 1900 394 1950 ποιήσας.
454 1900 552 1940 ὥσθ’
581 1901 704 1942 οὕτως
737 1905 805 1941 τοῦ
837 1901 1065 1953 πράγματος
1100 1901 1274 1954 ἔχοντος,
1303 1902 1365 1941 καὶ
1395 1902 1543 1941 τούτων
1564 1922 1602 1952 25

211 1967 298 2007 οὐδὲ
332 1966 415 2006 καθ’
447 1967 488 2008 ἓν
513 1968 567 2007 ὧν
593 1967 704 2007 εἶπον
730 1968 910 2020 ὀφείλειν
944 1968 1289 2020 ἀναγκασθέντων,
1325 1969 1414 2009 οὐδὲ
1441 1972 1539 2018 βουν

209 2033 412 2084 ληθέντων
444 2034 504 2080 ἄν,
540 2034 609 2074 οὐκ
643 2034 728 2074 ἔστ’
757 2036 881 2075 εἰπεῖν
913 2035 1044 2085 ἄλλην
1077 2036 1283 2087 πρόφασιν
1313 2035 1360 2075 δι’
1395 2034 1441 2085 ἣν
1474 2034 1542 2074 οὐκ

211 2100 425 2147 ἀπέδοσαν,
445 2100 537 2141 ἀλλ’
557 2101 706 2154 ἀνάγκη
733 2102 876 2152 ταύτην
897 2102 995 2142 εἶναι
1020 2101 1091 2151 τὴν
1111 2103 1251 2148 αἰτίαν,
1273 2102 1322 2142 δι’
1342 2101 1390 2152 ἢν
1410 2104 1543 2142 δοῦναι

210 2166 281 2218 τὴν
306 2167 433 2219 προῖκ’
459 2167 525 2207 οὐκ
551 2169 802 2209 ἐπίστευσαν.

253 2288 274 2316 9
298 2278 647 2316 διακινδυνευθήσεσθαι
666 2278 692 2308 F
706 2278 735 2308 D
879 2280 918 2309 18
941 2292 990 2311 τις
1008 2281 1113 2311 αὐτῶν
1129 2278 1158 2308 Α
1271 2280 1323 2310 καὶ
1339 2278 1399 2317 μὲν
1416 2278 1471 2318 δή]
1489 2280 1540 2311 καὶ

209 2322 273 2360 μήν
289 2321 319 2351 Α
495 2332 533 2360 19
558 2323 595 2354 ἂν
611 2322 728 2355 πάντες
747 2321 770 2352 S
788 2333 795 2352 :
823 2322 942 2354 πάντες
956 2323 994 2354 ἂν
1009 2327 1086 2352 cett.
1230 2322 1456 2362 ὁμολογήσετε
1474 2321 1498 2352 S
1509 2322 1541 2352 A

211 2375 248 2394 21
276 2366 295 2402 ἢ
314 2363 337 2394 S
350 2363 379 2394 A
393 2364 417 2394 F
434 2375 519 2395 corr.
537 2376 543 2395 ε
569 2368 604 2397 οὐ
623 2364 661 2395 Fl
675 2365 704 2395 D
855 2376 896 2395 22
920 2366 1071 2407 γίγνεται
1088 2365 1128 2396 cf.
1151 2365 1230 2405 Lyc.
1254 2365 1331 2405 126]
1350 2366 1444 2398 ἔσται
1461 2365 1538 2403 SA,

210 2408 297 2447 quod
316 2408 395 2439 secl.
414 2408 511 2439 Blass
624 2420 665 2448 23
689 2408 857 2450 γυναικὸς]
873 2410 993 2450 μητρὸς
1011 2409 1034 2440 S
1053 2422 1105 2450 γρ.
1217 2410 1259 2439 28
1285 2409 1324 2440 δι’
1342 2407 1397 2449 ἢν]
1417 2410 1464 2441 διὸ
1480 2408 1511 2438 Α
