1685 2772
122 125 257 180 xxvu]
532 127 666 168 ΚΑΤ’
716 130 970 168 ΑΦΟΒΟὙ
1016 131 1052 168 Α
1477 131 1586 186 [821]

120 242 271 294 μικρόν,
299 241 556 293 ἀναλώματος
581 244 623 283 δὲ
654 241 873 295 κεφάλαιον
906 243 961 284 εἷς
994 242 1133 284 αὐτοὺς
1169 241 1280 283 οὗτος
1309 241 1447 293 ὀλίγου

120 311 203 349 δεῖν
227 309 426 360 λογίζεται
450 311 598 362 χιλίας·
635 311 689 352 εἰς
714 309 817 350 τοῦτ’
836 309 1033 351 ἀναιδείας
1061 308 1266 359 ἐλήλυθεν.
1310 308 1448 350 αὐτοὺς
1479 322 1520 358 25

120 378 163 416 δὲ
187 375 276 417 τοὺς
306 376 545 427 ἀνθρώπους,
574 378 629 418 εἷς
658 376 723 418 οὓς
751 375 858 417 ταῦτ’
885 375 1132 426 ἀνηλωκέναι
1167 376 1305 428 φησίν,
1334 375 1446 414 οὐδα-

119 445 195 493 μοῦ
234 459 302 493 μοι
338 443 675 495 παραδεδώκασιν,
720 444 826 484 ἀλλὰ
867 442 1026 484 πάντων
1069 443 1278 483 κενότατον
1323 442 1448 494 λόγον

83 519 100 550 5
119 508 322 561 λέγουσιν,
352 509 403 551 ὡς
436 510 456 548 ὁ
484 510 641 552 ὑποθεὶς
670 515 723 565 τῷ
753 510 869 563 πατρὶ
902 508 1153 562 τάνδράποδα
1185 510 1448 561 πονηρότατος

120 576 337 627 ἀνθρώπων
380 577 491 617 ἐστὶν
532 579 597 618 καὶ
637 576 798 630 ἐράνους
837 594 880 618 τε
925 576 1093 617 λέλοιπε
1131 578 1344 617 πλείστους
1387 576 1448 615 καὶ

118 641 345 696 ὑπέρχρεως
375 642 530 696 γέγονε,
557 645 619 685 καὶ
651 644 799 684 τούτων
829 644 898 684 οὐκ
930 645 1090 696 ὀλίγους
1121 642 1337 694 κεκλήκασι
1366 642 1448 682 κατ’

120 710 272 750 ἐκείνου
299 709 507 762 μάρτυρας.
579 712 626 751 τὰ
659 710 691 750 δ’
717 710 929 764 ἀνδράποδ’
960 712 1072 752 ὅστις
1110 710 1219 751 ἐστὶν
1246 711 1266 748 ὁ
1290 710 1446 760 λαβών,

118 772 142 826 ἢ
169 780 251 818 πῶς
277 778 319 816 ἐκ
351 779 418 827 τῆς
451 778 574 819 οἰκίας
600 776 777 828 ἐξῆλθεν,
803 775 826 828 ἢ
858 778 919 820 τίς
951 778 1154 830 ἀφείλετο,
1181 774 1204 827 ἢ
1237 776 1334 828 πρὸς
1362 777 1448 816 τίνα

62 859 101 882 10
121 843 231 894 δίκην
255 843 441 894 ἥττηνται
466 845 555 896 περὶ
588 844 725 891 αὐτῶν,
753 844 822 885 οὐκ
856 845 1021 899 ἔχουσιν
1056 846 1193 886 εἰπεῖν.
1266 843 1391 883 καίτοι
1415 844 1451 883 ε’ί
1478 849 1524 884 26

120 927 159 951 τι
188 909 328 963 ἔλεγον
363 910 482 963 ὑγιές,
510 911 577 952 οὐκ
612 910 659 952 ἂν
695 913 792 952 κατὰ
824 914 894 962 τῆς
926 912 1077 953 ἐκείνου
1102 912 1290 964 πονηρίας
1314 911 1448 963 παρεί-

120 993 243 1031 χοντο
277 977 485 1030 μάρτυρας,
520 978 566 1029 ἧς
599 978 712 1019 οὐδέν
744 996 811 1030 μοι
844 978 1037 1031 προσήκει
1070 979 1306 1031 φροντίζειν,
1343 978 1448 1017 ἀλλὰ

121 1044 270 1085 τούτων
295 1043 343 1085 ἂν
367 1045 719 1096 ἀντελαμβάνοντο
740 1046 802 1086 καὶ
828 1046 917 1088 τοὺς
938 1046 1140 1097 λαβόντας
1166 1046 1450 1086 ἀπεδείκνυσαν

121 1111 183 1151 καὶ
210 1111 322 1152 οὐδὲν
345 1111 393 1152 ἂν
417 1112 544 1152 αὐτῶν
562 1112 816 1164 παρέλειπον.
887 1116 956 1153 νῦν
976 1113 1009 1152 δ’
1031 1112 1198 1163 ὠμότατ’
1218 1111 1448 1163 ἀνθρώπων,

61 1193 98 1225 15
119 1178 406 1230 ὁμολογοῦντες
442 1182 757 1232 καταλειφθῆναι
791 1181 854 1220 καὶ
890 1181 1088 1231 λαβόντες
1127 1179 1177 1220 ὡς
1211 1178 1348 1219 αὑτοὺς
1386 1177 1449 1218 καὶ

119 1244 424 1296 καρπωσάμενοι
465 1245 543 1286 δέκ’
585 1246 651 1296 ἔτη
690 1246 780 1288 τοὺς
823 1247 1062 1298 ἀνθρώπους,
1109 1245 1231 1297 ἄρδην
1272 1246 1367 1285 ὅλον
1403 1243 1447 1284 τὸ

118 1310 382 1364 ἐργαστήριον
407 1313 658 1364 ἀφανίζουσι.
732 1313 794 1353 καὶ
818 1313 927 1353 ταῦθ’
954 1313 1005 1355 ὡς
1038 1314 1166 1363 ἀληθῆ
1195 1311 1315 1364 λέγω,
1341 1310 1449 1362 λαβέ

117 1395 185 1429 μοι
208 1380 278 1420 τὰς
301 1380 510 1432 μαρτυρίας
538 1381 600 1420 καὶ
627 1381 915 1432 ἀναγίγνωσκε.

671 1539 896 1566 ΜΑΡΤΎΡΙΑΙ.
1483 1533 1602 1589 [822]

59 1631 100 1654 20
176 1613 274 1655 “Ort
306 1616 439 1655 τοίνυν
482 1614 550 1654 οὐκ
591 1613 738 1666 ἄπορος
779 1613 827 1663 ἦν
869 1614 888 1652 ὁ
926 1611 1158 1664 Μοιριάδης,
1198 1612 1277 1652 οὐδ’
1313 1611 1360 1662 ἧν
1396 1617 1447 1667 τῷ
1480 1627 1522 1661 27

118 1681 235 1733 πατρὶ
270 1684 382 1721 τοῦτο
418 1680 462 1721 τὸ
500 1682 751 1732 συμβόλαιον
789 1682 843 1721 εἰς
879 1678 1112 1730 τάνδράποδ’
1148 1679 1311 1729 ἠλιθίως
1347 1696 1445 1730 συμ-

119 1747 391 1800 βεβλημένον,
427 1750 603 1802 μεγίστῳ
634 1749 825 1801 τεκμηρίῳ
860 1746 1083 1799 γνώσεσθε·
1120 1747 1262 1797 λαβὼν
1291 1747 1366 1799 γὰρ
1398 1746 1448 1788 ὡς

119 1817 257 1856 ἑαυτὸν
276 1814 464 1868 Ἀφοβος
488 1819 602 1855 τοῦτο
635 1819 678 1855 τὸ
709 1813 983 1867 ἐργαστήριον,
1012 1813 1064 1854 ὡς
1098 1813 1207 1853 αὐτοὶ
1241 1817 1318 1853 τῶν
1349 1829 1446 1865 μαρ-

117 1882 244 1934 τύρων
267 1882 476 1932 ἠκούσατε,
505 1883 567 1923 καὶ
593 1881 682 1922 δέον
712 1881 842 1928 αὐτόν,
871 1882 904 1920 εἰ
931 1881 997 1920 καί
1022 1896 1080 1921 τις
1109 1879 1232 1921 ἄλλος
1265 1879 1447 1931 ἐβούλετ’

60 1964 98 1996 ²5
119 1950 174 1990 εἰς
198 1952 318 1989 ταῦτα
343 1953 581 2000 συμβαλεῖν,
609 1952 747 1989 τοῦτον
778 1948 1010 1988 διακωλύειν
1038 1948 1251 1998 ἐπιτροπόν
1276 1945 1312 1999 γ’
1337 1948 1444 1992 ὄντα,

119 2015 235 2058 αὐτὸς
259 2016 324 2056 ἐπὶ
353 2015 502 2056 τούτοις
535 2019 617 2057 τοῖς
655 2016 912 2068 ἀνδραπόδοις
949 2018 1002 2069 τῷ
1029 2013 1226 2069 Μοιριάδῃ
1256 2030 1443 2054 πεντακο-

120 2083 211 2124 σίας
236 2084 413 2135 δραχμὰς
440 2082 654 2128 ἐδάνεισεν,
683 2083 726 2123 ἃς
751 2083 875 2134 ὀρθῶς
909 2081 970 2121 καὶ
1000 2081 1155 2121 δικαίως
1181 2079 1272 2132 παρ’
1297 2081 1446 2120 ἐκείνου

163 2200 183 2220 2
207 2194 258 2223 δεῖ
272 2191 296 2222 S
321 2191 505 2230 (probante
523 2191 773 2230 Wackernagel
790 2191 904 2221 Verm.
927 2190 1030 2221 Beitr.
1053 2201 1083 2230 p.
1112 2189 1183 2229 29),
1202 2189 1241 2221 cs.
1263 2193 1278 2226 ,S
1297 2200 1339 2228 29
1426 2199 1447 2229 3

121 2234 317 2267 ἀναλωκέναι
337 2234 360 2265 S
373 2234 417 2264 Α1
507 2235 607 2275 φασίν
623 2234 653 2263 Α
786 2245 805 2272 4
829 2237 1048 2275 παρεδωκασιν
1066 2233 1101 2264 S¹
1200 2233 1376 2265 κενότατον
1391 2232 1422 2263 Α
1439 2244 1447 2263 :

121 2277 313 2310 καινότατον
329 2278 417 2318 vulg.
595 2288 616 2316 9
641 2279 773 2318 ἐξῆλθον
789 2277 821 2307 Α
978 2278 1027 2309 τίς
1045 2276 1212 2317 ἀφείλετο]
1232 2278 1272 2308 ὡς
1290 2276 1446 2317 ἀφείλετό

122 2334 170 2354 τις
190 2320 215 2351 F
357 2331 395 2352 12
418 2335 471 2362 μοι
490 2331 554 2352 om.
578 2321 603 2351 F
747 2331 784 2360 13
810 2322 848 2353 ἂν
863 2331 928 2351 om.
951 2321 974 2351 S
1071 2319 1251 2360 λαβόντας]
1271 2320 1446 2358 εἰληφότας

123 2363 153 2394 Α
271 2375 309 2403 14
332 2365 423 2397 οὐδὲν
439 2364 492 2406 ἂν]
511 2364 624 2397 οὐδένα
641 2364 664 2394 S
764 2364 941 2405 παρέλιπον
959 2364 983 2394 S
995 2363 1024 2392 A
1038 2364 1062 2393 F
1183 2373 1221 2400 19
1246 2367 1446 2394 ΜΑΡΤὙΡΙΑ

122 2408 147 2438 S
278 2419 318 2447 25
344 2411 524 2448 συμβαλεῖν
540 2409 570 2438 Α
586 2419 591 2425 ·
619 2407 822 2447 συμβάλλειν
839 2407 928 2445 vulg.
1024 2407 1158 2438 κωλύειν
1174 2407 1204 2436 Α
