1685 2772
199 582 215 612 5

180 912 218 933 10

179 1250 215 1281 Ῑ5

179 1637 219 1658 20

237 138 303 193 XL]
378 144 523 181 ΠΡΟΣ
550 143 800 181 ΒΟΙΩΤΟΝ
826 143 953 179 ΠΕΡΙ
985 143 1224 180 ΠΡΟΙΚΟΣ
1251 143 1546 180 ΜΗΤΡΩΙΑΣ

238 251 500 302 ποιήσασθαι.
537 253 602 293 ἵνα
625 253 667 292 δὲ
692 251 744 302 μὴ
762 254 863 291 δοκῶ
880 250 1118 301 διαβάλλειν
1134 251 1264 297 αὐτόν,
1287 250 1489 302 ἀνάγνωθί
1501 266 1567 301 μοι

237 321 307 362 τὰς
330 320 554 371 μαρτυρίας.

788 415 1012 442 ΜΑΡΤΎΡΙΑΙ.

304 500 456 536 Τοῦτον
475 498 545 546 μὲν
565 497 697 536 τοίνυν
717 496 816 535 οὕτω
834 495 961 547 μέγαν
979 496 1042 535 καὶ
1060 495 1241 547 φοβερὸν
1261 496 1395 548 ἀγῶνά
1409 513 1477 547 μοι
1491 496 1565 549 οὐχ

239 564 289 605 ὡς
307 562 446 612 εὐήθης
462 563 527 608 ὥν,
545 562 637 602 ἀλλ’
654 562 705 604 ὡς
720 562 936 612 ἐπίβουλος
952 562 1015 602 καὶ
1032 566 1246 614 κακοῦργος
1262 563 1565 604 κατεσκεύασεν.

237 631 335 678 μετὰ
372 631 413 669 δὲ
449 632 569 669 ταῦτα
601 629 687 670 ἀντὶ
716 632 784 669 τοῦ
811 629 1003 679 ὀνόματος
1039 628 1084 668 οὗ
1115 629 1224 669 ἔθετο
1254 629 1355 684 αὐτῷ
1386 630 1406 670 ὁ
1441 629 1567 680 πατὴρ

240 697 425 741 Βοιωτόν,
454 696 588 747 ὥσπερ
614 695 676 736 καὶ
702 695 798 747 πρὸς
821 697 920 746 ὑμᾶς
938 696 1243 747 μεμαρτύρηται,
1266 696 1400 747 ἐπειδὴ
1421 698 1567 738 ἐκεῖνος

237 763 487 812 ἐτελεύτησε,
522 764 749 802 ’Μαντίθεον
779 762 918 803 ἑαυτὸν
952 762 1160 815 ἐγγράψας
1187 764 1243 804 εἰς
1267 763 1357 805 τοὺς
1382 763 1565 814 δημότας,

238 830 300 869 καὶ
325 832 394 869 τοῦ
418 828 536 869 αὐτοῦ
561 829 646 880 ἐμοὶ
673 830 735 869 καὶ
759 828 907 881 πατρὸς
933 830 995 870 καὶ
1015 828 1137 880 δήμου
1161 831 1564 882 προσαγορευόμενος,

237 895 282 936 οὐ
300 897 423 947 μόνον
447 895 520 946 τὴν
540 896 650 945 δίκην
674 897 832 946 ταύτην,
860 896 948 947 περὶ
974 896 1019 946 ἧς
1045 898 1129 936 νυνὶ
1146 895 1360 947 δικάζομαι,
1383 896 1567 938 ἀνάδικον

238 964 440 1013 ἐποίησεν,
472 963 579 1002 ἀλλὰ
609 962 671 1002 καὶ
700 962 1069 1015 χειροτονησάντων
1099 964 1206 1013 ὑμῶν
1237 963 1305 1014 ἐμὲ
1336 962 1564 1018 ταξίαρχον,

236 1029 330 1079 ἧκεν
359 1029 475 1070 αὐτὸς
504 1028 568 1069 ἐπὶ
598 1028 643 1069 τὸ
667 1028 920 1080 δικαστήριον
951 1030 1356 1081 δοκιμασθησόμενος,
1384 1031 1494 1081 δίκην
1524 1032 1565 1071 δὲ

238 1095 403 1146 ἐξούλης
425 1095 636 1148 ὠφληκώς,
659 1096 804 1146 ταύτην
831 1095 899 1136 οὐκ
920 1095 1036 1138 αὐτὸς
1061 1095 1294 1148 ὠφληκέναι
1316 1096 1454 1149 φησίν,
1472 1096 1564 1137 ἀλλ’

237 1162 318 1213 ἐμέ.
363 1161 414 1204 ὡς
439 1162 472 1202 δ’
499 1164 542 1203 ἐν
569 1164 774 1217 κεφαλαίῳ
792 1164 929 1209 εἰπεῖν,
952 1162 1050 1203 κακά
1068 1179 1136 1214 μοι
1160 1162 1346 1216 παρέχων
1361 1163 1565 1216 ἠνάγκασέ

235 1247 285 1281 με
311 1232 455 1283 λαχεῖν
481 1230 582 1284 αὑτῷ
609 1229 720 1280 δίκην
745 1230 833 1282 περὶ
858 1233 927 1270 τοῦ
950 1230 1154 1281 ὀνόματος,
1183 1230 1256 1283 οὐχ
1289 1231 1353 1271 ἵνα
1381 1229 1565 1285 χρήματα

237 1296 328 1347 παρ’
366 1296 485 1336 αὐτοῦ
516 1295 648 1347 λάβω,
679 1294 709 1337 ὦ
742 1296 879 1348 ἄνδρες
909 1298 1106 1343 δικασταί,
1141 1296 1234 1337 ἀλλ’
1264 1298 1340 1344 ἵνα,
1374 1299 1443 1338 ἐὰν
1475 1299 1565 1349 ὑμῖν

236 1367 337 1404 δοκῶ
359 1364 468 1403 δεινὰ
485 1362 660 1416 πάσχειν
682 1364 744 1404 καὶ
768 1363 1026 1414 βλάπτεσθαι
1051 1363 1219 1416 μεγάλα,
1238 1364 1374 1404 οὑτοσὶ
1399 1367 1566 1415 καλῆται

238 1431 421 1476 Βοιωτός,
449 1429 584 1481 ὥσπερ
611 1431 631 1469 ὁ
657 1429 784 1482 πατὴρ
809 1430 910 1485 αὐτῷ
937 1431 1060 1471 ἔθετο.
1108 1432 1167 1470 ὅτι
1190 1432 1324 1471 τοίνυν
1349 1432 1478 1482 ἀληθῆ
1505 1432 1566 1472 καὶ

237 1500 358 1537 ταῦτα
381 1496 500 1548 λέγω,
527 1496 636 1547 λαβέ
658 1514 726 1548 μοι
751 1497 812 1537 καὶ
837 1499 907 1538 τὰς
932 1498 1020 1549 περὶ
1045 1497 1193 1538 τούτων
1217 1499 1443 1550 μαρτυρίας.

790 1631 1016 1658 ΜΑΡΤΎῬῙΑΙ.

306 1709 413 1762 Πρὸς
438 1710 590 1751 τούτοις
614 1710 744 1750 τοίνυν
772 1709 833 1750 καὶ
857 1710 917 1749 ὅτι
943 1710 1020 1762 ἐγὼ
1047 1711 1357 1762 στρατευόμενος
1384 1711 1445 1752 καὶ
1468 1714 1566 1763 μετῖι

237 1777 436 1828 Ἀμεινίου
466 1775 752 1829 ξενολογήσας,
779 1775 953 1817 ἄλλοθέν
976 1794 1019 1818 τε
1048 1776 1230 1830 χρήματα
1255 1777 1478 1830 εὐπορήσας
1504 1779 1566 1819 καὶ

239 1846 280 1884 ἐκ
307 1842 538 1894 Μυτιλήνης
563 1844 668 1895 παρὰ
683 1846 751 1883 τοῦ
769 1842 956 1895 ὑμετέρου
975 1842 1168 1895 προξένου
1187 1843 1485 1885 Ἀπολλωνίδου
1505 1845 1566 1885 καὶ

239 1912 344 1962 παρὰ
368 1914 447 1950 τῶν
471 1910 604 1962 φίλων
628 1912 697 1960 τῆς
731 1911 885 1951 πόλεως
915 1910 1057 1961 λαβὼν
1085 1913 1336 1962 τριακοσίους
1369 1913 1566 1964 στατῆρας

239 1979 434 2022 Φωκαιᾶς,
473 1975 664 2026 ἀνήλωσα
701 1978 755 2018 εἷς
791 1976 882 2018 τοὺς
924 1978 1180 2028 στρατιώτας,
1223 1978 1287 2018 ἵνα
1327 1977 1467 2029 πρᾶξίς
1507 1995 1566 2020 τις

240 2045 432 2097 πραχθείη
462 2044 523 2083 καὶ
542 2045 633 2094 ὑμῖν
654 2044 714 2083 καὶ
742 2044 905 2084 ἐκείνοις
931 2043 1204 2096 συμφέρουσα,
1226 2045 1314 2096 περὶ
1333 2044 1482 2085 τούτων
1499 2062 1566 2096 μοι

283 2163 302 2190 4
327 2154 408 2184 οὕτω
425 2162 488 2182 om.
510 2151 533 2182 S
681 2154 702 2182 6
727 2154 743 2183 ὁ
760 2153 865 2192 πατὴρ
883 2154 967 2192 αὐτῷ
984 2151 1014 2181 Α
1031 2163 1037 2183 z
1061 2155 1077 2184 ὁ
1094 2154 1200 2194 πατὴρ
1217 2155 1313 2185 αὐτοῦ
1331 2152 1356 2182 F
1370 2151 1399 2190 Q
1545 2154 1567 2184 8

240 2197 355 2227 ἑαυτὸν
370 2206 436 2226 om.
453 2195 483 2224 A
624 2205 662 2225 10
688 2197 752 2227 νυνὶ
772 2195 795 2226 S
816 2207 822 2226 :
848 2197 902 2226 νῦν
919 2195 1008 2235 vulg.
1146 2207 1181 2226 11
1209 2198 1260 2228 καὶ
1278 2206 1341 2227 om.
1361 2195 1392 2225 A
1529 2206 1566 2226 12

241 2240 290 2271 ἐπὶ
309 2239 332 2269 S
350 2251 356 2269 :
382 2241 424 2271 εἷς
441 2239 526 2277 vulg.
607 2238 641 2270 δὲ
660 2239 703 2270 S:
731 2253 767 2270 τε
784 2238 873 2277 vulg.
967 2249 1020 2278 ‚14
1044 2240 1113 2278 μοιἿ
1130 2253 1182 2279 μοι
1199 2240 1293 2281 μυρία
1311 2239 1423 2270 Naber
1527 2249 1566 2278 17

241 2284 350 2314 οὑτοσὶ
362 2282 404 2313 S:
421 2281 513 2315 οὗτος
525 2281 614 2321 vulg.
730 2283 834 2321 18-19
859 2284 908 2314 καὶ
926 2283 1017 2314 ταῦτ’
1030 2283 1132 2320 ἀληθῆ
1145 2283 1174 2321 Q
1187 2283 1217 2314 D
1322 2293 1363 2313 22
1388 2283 1527 2320 Ἀμινίου
1541 2282 1566 2313 S

241 2325 475 2366 ξενολογήσας]
494 2325 765 2366 στρατολογήσας
782 2325 820 2356 Sl
978 2336 1019 2364 23
1045 2327 1232 2364 Μυτιλήνης
1251 2326 1316 2364 SQ
1334 2327 1387 2356 hic
1406 2330 1439 2356 et
1456 2326 1542 2356 infra
1559 2336 1566 2356 :

242 2370 429 2407 Μιτυλήνης
447 2369 536 2408 vulg.
613 2371 671 2400 τοῦ
687 2372 736 2408 ὑμ.
756 2383 806 2410 πρ.
827 2369 873 2400 S:
897 2372 955 2401 τοῦ
972 2383 1022 2409 πρ.
1043 2372 1101 2401 τοῦ
1119 2372 1167 2409 ὑμ.
1187 2369 1277 2409 vulg.
1360 2378 1401 2408 25
1425 2371 1566 2402 Φωκαιᾶς

243 2411 359 2444 Blass:
384 2415 520 2444 Φωκαεῖς
537 2411 627 2451 vulg.
645 2423 651 2443 :
678 2420 832 2452 φωκεαεις
850 2412 874 2442 S

1417 2469 1476 2499 13*

1601 130 1685 185 [101

1596 510 1640 544 34

1598 1095 1685 1149 [1011

1595 1177 1636 1213 35

1595 2065 1640 2101 37
