<?xml version="1.0" encoding="UTF-8"?>
<!DOCTYPE html PUBLIC "-//W3C//DTD XHTML 1.0 Transitional//EN"
    "http://www.w3.org/TR/xhtml1/DTD/xhtml1-transitional.dtd">
<html xmlns="http://www.w3.org/1999/xhtml" xml:lang="en" lang="en">
 <head>
  <title>
</title>
<meta http-equiv="Content-Type" content="text/html;charset=utf-8" />
  <meta name='ocr-system' content='tesseract 3.04.00' />
  <meta name='ocr-capabilities' content='ocr_page ocr_carea ocr_par ocr_line ocrx_word'/>
</head>
<body>
  <div class='ocr_page' id='page_1' title='image "./p2orationesrecog02demouoft_0173.png"; bbox 0 0 1685 2772; ppageno 0'>
   <div class='ocr_carea' id='block_1_1' title="bbox 116 537 134 569">
    <p class='ocr_par' dir='ltr' id='par_1_1' title="bbox 116 537 134 569">
     <span class='ocr_line' id='line_1_1' title="bbox 116 537 134 569; baseline 0 0"><span class='ocrx_word' id='word_1_1' title='bbox 116 537 134 569; x_wconf 88' lang='grc'><strong><em>5</em></strong></span> 
     </span>
    </p>
   </div>
   <div class='ocr_carea' id='block_1_2' title="bbox 100 869 139 891">
    <p class='ocr_par' dir='ltr' id='par_1_2' title="bbox 100 869 139 891">
     <span class='ocr_line' id='line_1_2' title="bbox 100 869 139 891; baseline 0 0"><span class='ocrx_word' id='word_1_2' title='bbox 100 869 139 891; x_wconf 88' lang='lat'>10</span> 
     </span>
    </p>
   </div>
   <div class='ocr_carea' id='block_1_3' title="bbox 100 1205 136 1237">
    <p class='ocr_par' dir='ltr' id='par_1_3' title="bbox 100 1205 136 1237">
     <span class='ocr_line' id='line_1_3' title="bbox 100 1205 136 1237; baseline 0 0"><span class='ocrx_word' id='word_1_3' title='bbox 100 1205 136 1237; x_wconf 84' lang='lat'>15</span> 
     </span>
    </p>
   </div>
   <div class='ocr_carea' id='block_1_4' title="bbox 102 1547 141 1568">
    <p class='ocr_par' dir='ltr' id='par_1_4' title="bbox 102 1547 141 1568">
     <span class='ocr_line' id='line_1_4' title="bbox 102 1547 141 1568; baseline 0 0"><span class='ocrx_word' id='word_1_4' title='bbox 102 1547 141 1568; x_wconf 90' lang='lat'>20</span> 
     </span>
    </p>
   </div>
   <div class='ocr_carea' id='block_1_5' title="bbox 159 131 1157 187">
    <p class='ocr_par' dir='ltr' id='par_1_5' title="bbox 159 131 1157 187">
     <span class='ocr_line' id='line_1_5' title="bbox 159 131 1157 187; baseline -0.002 -13"><span class='ocrx_word' id='word_1_5' title='bbox 159 131 323 187; x_wconf 82' lang='lat' dir='ltr'>xxxvn]</span> <span class='ocrx_word' id='word_1_6' title='bbox 472 135 633 173; x_wconf 88' lang='grc' dir='ltr'>ΠΡΟΣ</span> <span class='ocrx_word' id='word_1_7' title='bbox 682 135 1157 173; x_wconf 82' lang='grc' dir='ltr'>ΠΑΝΤΑΙΝΕΤΟΝ</span> 
     </span>
    </p>
   </div>
   <div class='ocr_carea' id='block_1_6' title="bbox 154 248 1497 1712">
    <p class='ocr_par' dir='ltr' id='par_1_6' title="bbox 154 248 1497 1712">
     <span class='ocr_line' id='line_1_6' title="bbox 155 248 1489 309; baseline -0.003 -14"><span class='ocrx_word' id='word_1_8' title='bbox 155 255 201 295; x_wconf 87' lang='grc' dir='ltr'>ὅν</span> <span class='ocrx_word' id='word_1_9' title='bbox 231 251 321 304; x_wconf 87' lang='grc' dir='ltr'>(ποῦ</span> <span class='ocrx_word' id='word_1_10' title='bbox 352 251 427 304; x_wconf 90' lang='grc' dir='ltr'>γάρ</span> <span class='ocrx_word' id='word_1_11' title='bbox 458 253 547 293; x_wconf 90' lang='grc' dir='ltr'>ἐστι</span> <span class='ocrx_word' id='word_1_12' title='bbox 579 252 742 297; x_wconf 85' lang='grc' dir='ltr'>δίκαιον,</span> <span class='ocrx_word' id='word_1_13' title='bbox 777 252 820 292; x_wconf 92' lang='grc' dir='ltr'>ἐν</span> <span class='ocrx_word' id='word_1_14' title='bbox 854 250 1006 292; x_wconf 83' lang='grc' dir='ltr'>οἰκέτου</span> <span class='ocrx_word' id='word_1_15' title='bbox 1037 252 1192 303; x_wconf 82' lang='grc' dir='ltr'>σώματι</span> <span class='ocrx_word' id='word_1_16' title='bbox 1225 251 1287 292; x_wconf 86' lang='grc' dir='ltr'>καὶ</span> <span class='ocrx_word' id='word_1_17' title='bbox 1319 255 1434 309; x_wconf 78' lang='grc' dir='ltr'>ψυχῇ</span> <span class='ocrx_word' id='word_1_18' title='bbox 1466 248 1489 302; x_wconf 78' lang='grc' dir='ltr'>ἦ</span> 
     </span>
     <span class='ocr_line' id='line_1_7' title="bbox 155 315 1489 372; baseline -0.001 -12"><span class='ocrx_word' id='word_1_19' title='bbox 155 320 213 360; x_wconf 84' lang='grc' dir='ltr'>δύ’</span> <span class='ocrx_word' id='word_1_20' title='bbox 234 318 463 372; x_wconf 82' lang='grc' dir='ltr'>ὠφληκέναι</span> <span class='ocrx_word' id='word_1_21' title='bbox 487 318 676 364; x_wconf 90' lang='grc' dir='ltr'>τάλαντα,</span> <span class='ocrx_word' id='word_1_22' title='bbox 694 315 717 368; x_wconf 82' lang='grc' dir='ltr'>ἦ</span> <span class='ocrx_word' id='word_1_23' title='bbox 737 321 859 370; x_wconf 81' lang='grc' dir='ltr'>μηδὲν</span> <span class='ocrx_word' id='word_1_24' title='bbox 884 318 954 359; x_wconf 85' lang='grc' dir='ltr'>τὸν</span> <span class='ocrx_word' id='word_1_25' title='bbox 980 322 1308 370; x_wconf 75' lang='grc' dir='ltr'>συκοφαντοῦντα</span> <span class='ocrx_word' id='word_1_26' title='bbox 1335 319 1489 370; x_wconf 79' lang='grc' dir='ltr'>ζημιοῦ-</span> 
     </span>
     <span class='ocr_line' id='line_1_8' title="bbox 156 384 1493 440; baseline 0 -13"><span class='ocrx_word' id='word_1_27' title='bbox 156 384 289 437; x_wconf 88' lang='grc' dir='ltr'>σθαι,·)</span> <span class='ocrx_word' id='word_1_28' title='bbox 322 385 414 427; x_wconf 84' lang='grc' dir='ltr'>ἀλλ’</span> <span class='ocrx_word' id='word_1_29' title='bbox 453 386 530 438; x_wconf 87' lang='grc' dir='ltr'>ἐγὼ</span> <span class='ocrx_word' id='word_1_30' title='bbox 568 388 708 440; x_wconf 79' lang='grc' dir='ltr'>πολλῷ</span> <span class='ocrx_word' id='word_1_31' title='bbox 747 389 800 440; x_wconf 82' lang='grc' dir='ltr'>τῷ</span> <span class='ocrx_word' id='word_1_32' title='bbox 841 385 976 439; x_wconf 81' lang='grc' dir='ltr'>δικαίῳ</span> <span class='ocrx_word' id='word_1_33' title='bbox 1017 389 1209 437; x_wconf 83' lang='grc' dir='ltr'>περιεῖναι</span> <span class='ocrx_word' id='word_1_34' title='bbox 1246 386 1493 437; x_wconf 86' lang='grc' dir='ltr'>βουλόμενος</span> 
     </span>
     <span class='ocr_line' id='line_1_9' title="bbox 157 452 1492 508; baseline 0 -14"><span class='ocrx_word' id='word_1_35' title='bbox 157 454 421 508; x_wconf 86' lang='grc' dir='ltr'>συνεχώρουν.</span> <span class='ocrx_word' id='word_1_36' title='bbox 482 452 545 492; x_wconf 83' lang='grc' dir='ltr'>καὶ</span> <span class='ocrx_word' id='word_1_37' title='bbox 563 454 661 504; x_wconf 78' lang='grc' dir='ltr'>μετὰ</span> <span class='ocrx_word' id='word_1_38' title='bbox 682 456 804 493; x_wconf 84' lang='grc' dir='ltr'>ταῦτα</span> <span class='ocrx_word' id='word_1_39' title='bbox 823 456 1115 504; x_wconf 84' lang='grc' dir='ltr'>προσκαλεῖται</span> <span class='ocrx_word' id='word_1_40' title='bbox 1133 452 1205 503; x_wconf 90' lang='grc' dir='ltr'>μέν</span> <span class='ocrx_word' id='word_1_41' title='bbox 1225 470 1273 503; x_wconf 90' lang='grc' dir='ltr'>με</span> <span class='ocrx_word' id='word_1_42' title='bbox 1291 452 1363 503; x_wconf 77' lang='grc' dir='ltr'>τὴν</span> <span class='ocrx_word' id='word_1_43' title='bbox 1382 453 1492 504; x_wconf 90' lang='grc' dir='ltr'>δίκην</span> 
     </span>
     <span class='ocr_line' id='line_1_10' title="bbox 156 518 1493 571; baseline 0.002 -11"><span class='ocrx_word' id='word_1_44' title='bbox 156 520 290 566; x_wconf 88' lang='grc' dir='ltr'>πάλιν,</span> <span class='ocrx_word' id='word_1_45' title='bbox 325 519 457 570; x_wconf 77' lang='grc' dir='ltr'>ἐπειδὴ</span> <span class='ocrx_word' id='word_1_46' title='bbox 493 522 637 560; x_wconf 80' lang='grc' dir='ltr'>θᾶττον</span> <span class='ocrx_word' id='word_1_47' title='bbox 670 519 852 560; x_wconf 85' lang='grc' dir='ltr'>ἀνείλετο</span> <span class='ocrx_word' id='word_1_48' title='bbox 882 521 953 561; x_wconf 81' lang='grc' dir='ltr'>τὰς</span> <span class='ocrx_word' id='word_1_49' title='bbox 987 519 1325 571; x_wconf 88' lang='grc' dir='ltr'>παρακαταβολάς</span> <span class='ocrx_word' id='word_1_50' title='bbox 1356 518 1493 571; x_wconf 82' lang='grc' dir='ltr'>(οὕτως</span> 
     </span>
     <span class='ocr_line' id='line_1_11' title="bbox 155 585 1490 638; baseline 0.001 -11"><span class='ocrx_word' id='word_1_51' title='bbox 155 586 266 628; x_wconf 82' lang='grc' dir='ltr'>εὐθὺς</span> <span class='ocrx_word' id='word_1_52' title='bbox 303 585 350 637; x_wconf 84' lang='grc' dir='ltr'>ἦν</span> <span class='ocrx_word' id='word_1_53' title='bbox 383 589 501 636; x_wconf 89' lang='grc' dir='ltr'>δῆλος</span> <span class='ocrx_word' id='word_1_54' title='bbox 535 585 615 626; x_wconf 79' lang='grc' dir='ltr'>οὐδ’</span> <span class='ocrx_word' id='word_1_55' title='bbox 649 587 708 628; x_wconf 81' lang='grc' dir='ltr'>οἷς</span> <span class='ocrx_word' id='word_1_56' title='bbox 740 585 855 628; x_wconf 82' lang='grc' dir='ltr'>αὐτὸς</span> <span class='ocrx_word' id='word_1_57' title='bbox 893 586 1054 636; x_wconf 84' lang='grc' dir='ltr'>ὡρίσατ’</span> <span class='ocrx_word' id='word_1_58' title='bbox 1089 585 1267 638; x_wconf 85' lang='grc' dir='ltr'>ἐμμένων</span> <span class='ocrx_word' id='word_1_59' title='bbox 1300 586 1490 638; x_wconf 86' lang='grc' dir='ltr'>δικαίοις)·</span> 
     </span>
     <span class='ocr_line' id='line_1_12' title="bbox 154 652 1488 705; baseline -0.001 -11"><span class='ocrx_word' id='word_1_60' title='bbox 154 653 290 703; x_wconf 77' lang='grc' dir='ltr'>ἐπειδὴ</span> <span class='ocrx_word' id='word_1_61' title='bbox 323 653 357 693; x_wconf 87' lang='grc' dir='ltr'>δ’</span> <span class='ocrx_word' id='word_1_62' title='bbox 382 652 528 704; x_wconf 89' lang='grc' dir='ltr'>ἥκομεν</span> <span class='ocrx_word' id='word_1_63' title='bbox 553 652 650 704; x_wconf 86' lang='grc' dir='ltr'>πρὸς</span> <span class='ocrx_word' id='word_1_64' title='bbox 683 653 751 693; x_wconf 87' lang='grc' dir='ltr'>τὸν</span> <span class='ocrx_word' id='word_1_65' title='bbox 776 652 1046 704; x_wconf 88' lang='grc' dir='ltr'>βασανιστήν,</span> <span class='ocrx_word' id='word_1_66' title='bbox 1074 653 1161 694; x_wconf 88' lang='grc' dir='ltr'>ἀντὶ</span> <span class='ocrx_word' id='word_1_67' title='bbox 1193 657 1262 693; x_wconf 82' lang='grc' dir='ltr'>τοῦ</span> <span class='ocrx_word' id='word_1_68' title='bbox 1293 653 1364 704; x_wconf 77' lang='grc' dir='ltr'>τὴν</span> <span class='ocrx_word' id='word_1_69' title='bbox 1394 654 1488 705; x_wconf 69' lang='grc' dir='ltr'>πρό·</span> 
     </span>
     <span class='ocr_line' id='line_1_13' title="bbox 157 718 1489 773; baseline 0 -13"><span class='ocrx_word' id='word_1_70' title='bbox 157 725 300 771; x_wconf 90' lang='grc' dir='ltr'>κλησιν</span> <span class='ocrx_word' id='word_1_71' title='bbox 324 719 482 769; x_wconf 85' lang='grc' dir='ltr'>ἀνοίξας</span> <span class='ocrx_word' id='word_1_72' title='bbox 508 718 633 770; x_wconf 84' lang='grc' dir='ltr'>δεῖξαι</span> <span class='ocrx_word' id='word_1_73' title='bbox 657 722 705 759; x_wconf 81' lang='grc' dir='ltr'>τὰ</span> <span class='ocrx_word' id='word_1_74' title='bbox 732 719 987 773; x_wconf 81' lang='grc' dir='ltr'>γεγραμμένα</span> <span class='ocrx_word' id='word_1_75' title='bbox 1012 720 1074 760; x_wconf 85' lang='grc' dir='ltr'>καὶ</span> <span class='ocrx_word' id='word_1_76' title='bbox 1100 722 1198 760; x_wconf 79' lang='grc' dir='ltr'>κατὰ</span> <span class='ocrx_word' id='word_1_77' title='bbox 1222 724 1345 761; x_wconf 86' lang='grc' dir='ltr'>ταῦτα</span> <span class='ocrx_word' id='word_1_78' title='bbox 1368 720 1489 772; x_wconf 87' lang='grc' dir='ltr'>πράτ-</span> 
     </span>
     <span class='ocr_line' id='line_1_14' title="bbox 156 784 1493 840; baseline -0.001 -12"><span class='ocrx_word' id='word_1_79' title='bbox 156 804 238 828; x_wconf 91' lang='grc' dir='ltr'>τειν</span> <span class='ocrx_word' id='word_1_80' title='bbox 263 787 286 827; x_wconf 84' lang='grc' dir='ltr'>ὅ</span> <span class='ocrx_word' id='word_1_81' title='bbox 316 803 355 828; x_wconf 89' lang='grc' dir='ltr'>τι</span> <span class='ocrx_word' id='word_1_82' title='bbox 387 784 499 837; x_wconf 81' lang='grc' dir='ltr'>δόξαι</span> <span class='ocrx_word' id='word_1_83' title='bbox 529 785 608 838; x_wconf 79' lang='grc' dir='ltr'>(διὰ</span> <span class='ocrx_word' id='word_1_84' title='bbox 639 788 714 839; x_wconf 83' lang='grc' dir='ltr'>γὰρ</span> <span class='ocrx_word' id='word_1_85' title='bbox 747 786 815 827; x_wconf 80' lang='grc' dir='ltr'>τὸν</span> <span class='ocrx_word' id='word_1_86' title='bbox 841 788 1015 840; x_wconf 84' lang='grc' dir='ltr'>θόρυβον</span> <span class='ocrx_word' id='word_1_87' title='bbox 1039 787 1131 827; x_wconf 92' lang='grc' dir='ltr'>τότε</span> <span class='ocrx_word' id='word_1_88' title='bbox 1162 787 1223 827; x_wconf 88' lang='grc' dir='ltr'>καὶ</span> <span class='ocrx_word' id='word_1_89' title='bbox 1252 786 1296 827; x_wconf 86' lang='grc' dir='ltr'>τὸ</span> <span class='ocrx_word' id='word_1_90' title='bbox 1325 787 1493 839; x_wconf 88' lang='grc' dir='ltr'>μέλλειν</span> 
     </span>
     <span class='ocr_line' id='line_1_15' title="bbox 158 853 1491 907; baseline -0.001 -12"><span class='ocrx_word' id='word_1_91' title='bbox 158 857 366 895; x_wconf 83' lang='grc' dir='ltr'>καλεῖσθαι</span> <span class='ocrx_word' id='word_1_92' title='bbox 401 853 474 905; x_wconf 81' lang='grc' dir='ltr'>τὴν</span> <span class='ocrx_word' id='word_1_93' title='bbox 509 854 620 905; x_wconf 88' lang='grc' dir='ltr'>δίκην</span> <span class='ocrx_word' id='word_1_94' title='bbox 655 858 834 895; x_wconf 81' lang='grc' dir='ltr'>τοιοῦτον</span> <span class='ocrx_word' id='word_1_95' title='bbox 871 853 931 904; x_wconf 80' lang='grc' dir='ltr'>ἦν·</span> <span class='ocrx_word' id='word_1_96' title='bbox 975 854 1252 907; x_wconf 81' lang='grc' dir='ltr'>προκαλοῦμαί</span> <span class='ocrx_word' id='word_1_97' title='bbox 1285 871 1333 895; x_wconf 89' lang='grc' dir='ltr'>σε</span> <span class='ocrx_word' id='word_1_98' title='bbox 1368 855 1491 895; x_wconf 90' lang='grc' dir='ltr'>ταυτί·</span> 
     </span>
     <span class='ocr_line' id='line_1_16' title="bbox 157 920 1490 976; baseline 0.001 -14"><span class='ocrx_word' id='word_1_99' title='bbox 157 921 336 976; x_wconf 87' lang='grc' dir='ltr'>δέχομαι·</span> <span class='ocrx_word' id='word_1_100' title='bbox 375 921 472 975; x_wconf 86' lang='grc' dir='ltr'>φέρε</span> <span class='ocrx_word' id='word_1_101' title='bbox 506 921 551 972; x_wconf 75' lang='grc' dir='ltr'>δὴ</span> <span class='ocrx_word' id='word_1_102' title='bbox 584 920 654 961; x_wconf 83' lang='grc' dir='ltr'>τὸν</span> <span class='ocrx_word' id='word_1_103' title='bbox 688 921 912 962; x_wconf 86' lang='grc' dir='ltr'>δακτύλιον·</span> <span class='ocrx_word' id='word_1_104' title='bbox 956 920 1078 973; x_wconf 87' lang='grc' dir='ltr'>λαβέ·</span> <span class='ocrx_word' id='word_1_105' title='bbox 1121 922 1180 963; x_wconf 87' lang='grc' dir='ltr'>τίς</span> <span class='ocrx_word' id='word_1_106' title='bbox 1209 921 1242 962; x_wconf 88' lang='grc' dir='ltr'>δ’</span> <span class='ocrx_word' id='word_1_107' title='bbox 1279 920 1490 974; x_wconf 86' lang='grc' dir='ltr'>ἐγγυητής;</span> 
     </span>
     <span class='ocr_line' id='line_1_17' title="bbox 156 988 1493 1041; baseline -0.001 -11"><span class='ocrx_word' id='word_1_108' title='bbox 156 989 306 1030; x_wconf 85' lang='grc' dir='ltr'>οὑτοσί·</span> <span class='ocrx_word' id='word_1_109' title='bbox 343 989 456 1030; x_wconf 83' lang='grc' dir='ltr'>οὐδὲν</span> <span class='ocrx_word' id='word_1_110' title='bbox 484 988 565 1029; x_wconf 80' lang='grc' dir='ltr'>οὔτ’</span> <span class='ocrx_word' id='word_1_111' title='bbox 591 989 840 1041; x_wconf 87' lang='grc' dir='ltr'>ἀντίγραφον</span> <span class='ocrx_word' id='word_1_112' title='bbox 873 988 952 1029; x_wconf 82' lang='grc' dir='ltr'>οὔτ’</span> <span class='ocrx_word' id='word_1_113' title='bbox 982 988 1075 1029; x_wconf 80' lang='grc' dir='ltr'>ἄλλ’</span> <span class='ocrx_word' id='word_1_114' title='bbox 1106 989 1219 1030; x_wconf 79' lang='grc' dir='ltr'>οὐδὲν</span> <span class='ocrx_word' id='word_1_115' title='bbox 1245 988 1493 1040; x_wconf 84' lang='grc' dir='ltr'>ἐποιησάμην</span> 
     </span>
     <span class='ocr_line' id='line_1_18' title="bbox 157 1054 1493 1109; baseline -0.001 -12"><span class='ocrx_word' id='word_1_116' title='bbox 157 1054 348 1107; x_wconf 83' lang='grc' dir='ltr'>τοιοῦτον)</span> <span class='ocrx_word' id='word_1_117' title='bbox 388 1055 473 1097; x_wconf 88' lang='grc' dir='ltr'>ἀντὶ</span> <span class='ocrx_word' id='word_1_118' title='bbox 510 1058 552 1097; x_wconf 80' lang='grc' dir='ltr'>δὲ</span> <span class='ocrx_word' id='word_1_119' title='bbox 587 1059 657 1096; x_wconf 84' lang='grc' dir='ltr'>τοῦ</span> <span class='ocrx_word' id='word_1_120' title='bbox 692 1055 800 1096; x_wconf 82' lang='grc' dir='ltr'>ταῦθ’</span> <span class='ocrx_word' id='word_1_121' title='bbox 835 1057 957 1098; x_wconf 84' lang='grc' dir='ltr'>οὕτως</span> <span class='ocrx_word' id='word_1_122' title='bbox 992 1056 1127 1108; x_wconf 84' lang='grc' dir='ltr'>ὥσπερ</span> <span class='ocrx_word' id='word_1_123' title='bbox 1163 1056 1270 1109; x_wconf 89' lang='grc' dir='ltr'>λέγω</span> <span class='ocrx_word' id='word_1_124' title='bbox 1307 1055 1493 1109; x_wconf 87' lang='grc' dir='ltr'>πράττειν</span> 
     </span>
     <span class='ocr_line' id='line_1_19' title="bbox 157 1122 1493 1177; baseline -0.001 -12"><span class='ocrx_word' id='word_1_125' title='bbox 157 1124 295 1176; x_wconf 79' lang='grc' dir='ltr'>ἑτέραν</span> <span class='ocrx_word' id='word_1_126' title='bbox 327 1123 420 1175; x_wconf 85' lang='grc' dir='ltr'>ἧκεν</span> <span class='ocrx_word' id='word_1_127' title='bbox 451 1123 556 1177; x_wconf 84' lang='grc' dir='ltr'>ἔχων</span> <span class='ocrx_word' id='word_1_128' title='bbox 591 1124 826 1176; x_wconf 89' lang='grc' dir='ltr'>πρόκλησιν,</span> <span class='ocrx_word' id='word_1_129' title='bbox 864 1122 985 1174; x_wconf 79' lang='grc' dir='ltr'>ἀξιῶν</span> <span class='ocrx_word' id='word_1_130' title='bbox 1016 1123 1132 1165; x_wconf 85' lang='grc' dir='ltr'>αὐτὸς</span> <span class='ocrx_word' id='word_1_131' title='bbox 1163 1124 1400 1175; x_wconf 79' lang='grc' dir='ltr'>βασανίζειν</span> <span class='ocrx_word' id='word_1_132' title='bbox 1424 1123 1493 1164; x_wconf 87' lang='grc' dir='ltr'>τὸν</span> 
     </span>
     <span class='ocr_line' id='line_1_20' title="bbox 158 1190 1493 1243; baseline -0.001 -12"><span class='ocrx_word' id='word_1_133' title='bbox 158 1191 377 1243; x_wconf 84' lang='grc' dir='ltr'>ἄνθρωπον,</span> <span class='ocrx_word' id='word_1_134' title='bbox 416 1190 480 1231; x_wconf 86' lang='grc' dir='ltr'>καὶ</span> <span class='ocrx_word' id='word_1_135' title='bbox 516 1191 810 1242; x_wconf 82' lang='grc' dir='ltr'>ἐπιλαβόμενος</span> <span class='ocrx_word' id='word_1_136' title='bbox 849 1191 992 1237; x_wconf 76' lang='grc' dir='ltr'>εἷλκεν,</span> <span class='ocrx_word' id='word_1_137' title='bbox 1031 1192 1095 1231; x_wconf 87' lang='grc' dir='ltr'>καὶ</span> <span class='ocrx_word' id='word_1_138' title='bbox 1137 1190 1341 1232; x_wconf 86' lang='grc' dir='ltr'>ἐνέλειπεν</span> <span class='ocrx_word' id='word_1_139' title='bbox 1382 1190 1493 1231; x_wconf 81' lang='grc' dir='ltr'>οὐδὲν</span> 
     </span>
     <span class='ocr_line' id='line_1_21' title="bbox 159 1255 1491 1311; baseline 0 -14"><span class='ocrx_word' id='word_1_140' title='bbox 159 1259 385 1311; x_wconf 83' lang='grc' dir='ltr'>ἀσελγείας.</span> <span class='ocrx_word' id='word_1_141' title='bbox 447 1258 509 1298; x_wconf 86' lang='grc' dir='ltr'>καὶ</span> <span class='ocrx_word' id='word_1_142' title='bbox 535 1257 652 1310; x_wconf 84' lang='grc' dir='ltr'>ἔγωγ’</span> <span class='ocrx_word' id='word_1_143' title='bbox 682 1256 936 1309; x_wconf 82' lang='grc' dir='ltr'>ἐνεθυμήθην,</span> <span class='ocrx_word' id='word_1_144' title='bbox 963 1255 993 1297; x_wconf 68' lang='grc' dir='ltr'>ὦ</span> <span class='ocrx_word' id='word_1_145' title='bbox 1018 1256 1156 1310; x_wconf 86' lang='grc' dir='ltr'>ἄνδρες</span> <span class='ocrx_word' id='word_1_146' title='bbox 1182 1258 1378 1305; x_wconf 82' lang='grc' dir='ltr'>δικασταί,</span> <span class='ocrx_word' id='word_1_147' title='bbox 1404 1257 1491 1308; x_wconf 86' lang='grc' dir='ltr'>ἡλί-</span> 
     </span>
     <span class='ocr_line' id='line_1_22' title="bbox 161 1324 1494 1377; baseline -0.001 -12"><span class='ocrx_word' id='word_1_148' title='bbox 161 1342 228 1365; x_wconf 86' lang='grc' dir='ltr'>κον</span> <span class='ocrx_word' id='word_1_149' title='bbox 247 1325 334 1365; x_wconf 87' lang='grc' dir='ltr'>ἐστὶ</span> <span class='ocrx_word' id='word_1_150' title='bbox 354 1324 629 1376; x_wconf 88' lang='grc' dir='ltr'>πλεονέκτημα</span> <span class='ocrx_word' id='word_1_151' title='bbox 647 1324 693 1365; x_wconf 84' lang='grc' dir='ltr'>τὸ</span> <span class='ocrx_word' id='word_1_152' title='bbox 713 1324 1045 1365; x_wconf 89' lang='grc' dir='ltr'>καταπεπλάσθαι</span> <span class='ocrx_word' id='word_1_153' title='bbox 1062 1324 1132 1365; x_wconf 87' lang='grc' dir='ltr'>τὸν</span> <span class='ocrx_word' id='word_1_154' title='bbox 1151 1325 1256 1376; x_wconf 87' lang='grc' dir='ltr'>βίον.</span> <span class='ocrx_word' id='word_1_155' title='bbox 1316 1325 1394 1377; x_wconf 87' lang='grc' dir='ltr'>ἐγὼ</span> <span class='ocrx_word' id='word_1_156' title='bbox 1419 1326 1494 1377; x_wconf 80' lang='grc' dir='ltr'>γὰρ</span> 
     </span>
     <span class='ocr_line' id='line_1_23' title="bbox 160 1391 1495 1446; baseline 0.001 -15"><span class='ocrx_word' id='word_1_157' title='bbox 160 1393 311 1446; x_wconf 80' lang='grc' dir='ltr'>ἐμαυτῷ</span> <span class='ocrx_word' id='word_1_158' title='bbox 336 1394 458 1432; x_wconf 85' lang='grc' dir='ltr'>ταῦτα</span> <span class='ocrx_word' id='word_1_159' title='bbox 482 1391 656 1445; x_wconf 84' lang='grc' dir='ltr'>πάσχειν</span> <span class='ocrx_word' id='word_1_160' title='bbox 683 1392 842 1432; x_wconf 87' lang='grc' dir='ltr'>ἐδόκουν</span> <span class='ocrx_word' id='word_1_161' title='bbox 870 1391 1241 1444; x_wconf 83' lang='grc' dir='ltr'>καταφρονούμενος</span> <span class='ocrx_word' id='word_1_162' title='bbox 1272 1395 1325 1446; x_wconf 83' lang='grc' dir='ltr'>τῷ</span> <span class='ocrx_word' id='word_1_163' title='bbox 1359 1393 1495 1433; x_wconf 83' lang='grc' dir='ltr'>ἁπλῶς</span> 
     </span>
     <span class='ocr_line' id='line_1_24' title="bbox 161 1457 1492 1511; baseline 0 -13"><span class='ocrx_word' id='word_1_164' title='bbox 161 1459 222 1499; x_wconf 83' lang='grc' dir='ltr'>καὶ</span> <span class='ocrx_word' id='word_1_165' title='bbox 249 1458 300 1500; x_wconf 86' lang='grc' dir='ltr'>ὡς</span> <span class='ocrx_word' id='word_1_166' title='bbox 325 1458 484 1511; x_wconf 87' lang='grc' dir='ltr'>πέφυκα</span> <span class='ocrx_word' id='word_1_167' title='bbox 510 1461 589 1509; x_wconf 42' lang='grc' dir='ltr'>ξῆν,</span> <span class='ocrx_word' id='word_1_168' title='bbox 620 1459 681 1499; x_wconf 85' lang='grc' dir='ltr'>καὶ</span> <span class='ocrx_word' id='word_1_169' title='bbox 706 1460 817 1509; x_wconf 83' lang='grc' dir='ltr'>δίκην</span> <span class='ocrx_word' id='word_1_170' title='bbox 843 1459 993 1499; x_wconf 84' lang='grc' dir='ltr'>διδόναι</span> <span class='ocrx_word' id='word_1_171' title='bbox 1017 1458 1249 1511; x_wconf 87' lang='grc' dir='ltr'>παμμεγέθη</span> <span class='ocrx_word' id='word_1_172' title='bbox 1274 1457 1379 1498; x_wconf 83' lang='grc' dir='ltr'>ταῦτ’</span> <span class='ocrx_word' id='word_1_173' title='bbox 1405 1459 1492 1498; x_wconf 87' lang='grc' dir='ltr'>ἀνε-</span> 
     </span>
     <span class='ocr_line' id='line_1_25' title="bbox 160 1523 1496 1579; baseline 0 -14"><span class='ocrx_word' id='word_1_174' title='bbox 160 1525 342 1579; x_wconf 87' lang='grc' dir='ltr'>χόμενος.</span> <span class='ocrx_word' id='word_1_175' title='bbox 398 1526 458 1566; x_wconf 88' lang='grc' dir='ltr'>ὅτι</span> <span class='ocrx_word' id='word_1_176' title='bbox 494 1524 527 1565; x_wconf 84' lang='grc' dir='ltr'>δ’</span> <span class='ocrx_word' id='word_1_177' title='bbox 560 1525 628 1566; x_wconf 78' lang='grc' dir='ltr'>οῧν</span> <span class='ocrx_word' id='word_1_178' title='bbox 663 1525 951 1578; x_wconf 75' lang='grc' dir='ltr'>ἠναγκαζόμην,</span> <span class='ocrx_word' id='word_1_179' title='bbox 987 1525 1077 1577; x_wconf 86' lang='grc' dir='ltr'>παρ’</span> <span class='ocrx_word' id='word_1_180' title='bbox 1111 1526 1135 1565; x_wconf 73' lang='grc' dir='ltr'>ἃ</span> <span class='ocrx_word' id='word_1_181' title='bbox 1170 1525 1346 1578; x_wconf 86' lang='grc' dir='ltr'>ἡγούμην</span> <span class='ocrx_word' id='word_1_182' title='bbox 1383 1523 1496 1565; x_wconf 85' lang='grc' dir='ltr'>δίκαι’</span> 
     </span>
     <span class='ocr_line' id='line_1_26' title="bbox 163 1592 1497 1645; baseline 0.001 -13"><span class='ocrx_word' id='word_1_183' title='bbox 163 1592 274 1639; x_wconf 78' lang='grc' dir='ltr'>εἶναι,</span> <span class='ocrx_word' id='word_1_184' title='bbox 297 1593 687 1645; x_wconf 85' lang='grc' dir='ltr'>ἀντιπροκαλεῖσθαι,</span> <span class='ocrx_word' id='word_1_185' title='bbox 712 1592 776 1632; x_wconf 88' lang='grc' dir='ltr'>καὶ</span> <span class='ocrx_word' id='word_1_186' title='bbox 801 1592 870 1633; x_wconf 88' lang='grc' dir='ltr'>τὸν</span> <span class='ocrx_word' id='word_1_187' title='bbox 896 1592 1051 1643; x_wconf 86' lang='grc' dir='ltr'>οἰκέτην</span> <span class='ocrx_word' id='word_1_188' title='bbox 1076 1594 1320 1645; x_wconf 85' lang='grc' dir='ltr'>παρεδίδουν,</span> <span class='ocrx_word' id='word_1_189' title='bbox 1351 1593 1412 1633; x_wconf 87' lang='grc' dir='ltr'>καὶ</span> <span class='ocrx_word' id='word_1_190' title='bbox 1437 1592 1497 1632; x_wconf 83' lang='grc' dir='ltr'>ὅτι</span> 
     </span>
     <span class='ocr_line' id='line_1_27' title="bbox 162 1658 1048 1712; baseline 0.001 -13"><span class='ocrx_word' id='word_1_191' title='bbox 162 1658 266 1699; x_wconf 87' lang='grc' dir='ltr'>ταῦτ’</span> <span class='ocrx_word' id='word_1_192' title='bbox 293 1660 421 1711; x_wconf 87' lang='grc' dir='ltr'>ἀληθῆ</span> <span class='ocrx_word' id='word_1_193' title='bbox 447 1659 567 1712; x_wconf 85' lang='grc' dir='ltr'>λέγω,</span> <span class='ocrx_word' id='word_1_194' title='bbox 594 1659 689 1712; x_wconf 87' lang='grc' dir='ltr'>λε’γε</span> <span class='ocrx_word' id='word_1_195' title='bbox 715 1659 785 1709; x_wconf 79' lang='grc' dir='ltr'>τὴν</span> <span class='ocrx_word' id='word_1_196' title='bbox 811 1660 1048 1711; x_wconf 89' lang='grc' dir='ltr'>πρόκλησιν.</span> 
     </span>
    </p>
   </div>
   <div class='ocr_carea' id='block_1_7' title="bbox 165 1788 1500 2110">
    <p class='ocr_par' dir='ltr' id='par_1_7' title="bbox 706 1788 950 1816">
     <span class='ocr_line' id='line_1_28' title="bbox 706 1788 950 1816; baseline -0.004 -1"><span class='ocrx_word' id='word_1_197' title='bbox 706 1788 950 1816; x_wconf 80' lang='grc' dir='ltr'><strong>ΠΡΟΚΛΗΣΙΣ.</strong></span> 
     </span>
    </p>

    <p class='ocr_par' dir='ltr' id='par_1_8' title="bbox 165 1855 1500 2110">
     <span class='ocr_line' id='line_1_29' title="bbox 232 1855 1498 1910; baseline 0 -12"><span class='ocrx_word' id='word_1_198' title='bbox 232 1858 378 1910; x_wconf 88' lang='grc' dir='ltr'>Φυγὼν</span> <span class='ocrx_word' id='word_1_199' title='bbox 408 1859 480 1909; x_wconf 83' lang='grc' dir='ltr'>μὲν</span> <span class='ocrx_word' id='word_1_200' title='bbox 512 1859 644 1898; x_wconf 88' lang='grc' dir='ltr'>τοίνυν</span> <span class='ocrx_word' id='word_1_201' title='bbox 673 1860 805 1904; x_wconf 84' lang='grc' dir='ltr'>ταῦτα,</span> <span class='ocrx_word' id='word_1_202' title='bbox 838 1858 977 1910; x_wconf 91' lang='grc' dir='ltr'>φυγὼν</span> <span class='ocrx_word' id='word_1_203' title='bbox 1010 1857 1042 1897; x_wconf 87' lang='grc' dir='ltr'>δ’</span> <span class='ocrx_word' id='word_1_204' title='bbox 1067 1857 1091 1898; x_wconf 71' lang='grc' dir='ltr'><em>ἃ</em></span> <span class='ocrx_word' id='word_1_205' title='bbox 1123 1856 1167 1896; x_wconf 89' lang='grc' dir='ltr'>τὸ</span> <span class='ocrx_word' id='word_1_206' title='bbox 1196 1860 1351 1909; x_wconf 80' lang='grc' dir='ltr'>πρῶτον</span> <span class='ocrx_word' id='word_1_207' title='bbox 1383 1855 1498 1899; x_wconf 81' lang='grc' dir='ltr'>αὐτὸς</span> 
     </span>
     <span class='ocr_line' id='line_1_30' title="bbox 165 1922 1493 1977; baseline -0.002 -11"><span class='ocrx_word' id='word_1_208' title='bbox 165 1923 481 1977; x_wconf 86' lang='grc' dir='ltr'>προύκαλέσατο,</span> <span class='ocrx_word' id='word_1_209' title='bbox 516 1924 646 1976; x_wconf 82' lang='grc' dir='ltr'>ἔγωγ’,</span> <span class='ocrx_word' id='word_1_210' title='bbox 681 1925 703 1964; x_wconf 85' lang='grc' dir='ltr'>ὅ</span> <span class='ocrx_word' id='word_1_211' title='bbox 734 1941 772 1965; x_wconf 89' lang='grc' dir='ltr'>τι</span> <span class='ocrx_word' id='word_1_212' title='bbox 804 1924 890 1965; x_wconf 91' lang='grc' dir='ltr'>ποτ’</span> <span class='ocrx_word' id='word_1_213' title='bbox 917 1926 998 1977; x_wconf 83' lang='grc' dir='ltr'>ἐρεῖ</span> <span class='ocrx_word' id='word_1_214' title='bbox 1027 1923 1124 1976; x_wconf 84' lang='grc' dir='ltr'>πρὸς</span> <span class='ocrx_word' id='word_1_215' title='bbox 1158 1925 1269 1974; x_wconf 80' lang='grc' dir='ltr'>ὑμᾶς,</span> <span class='ocrx_word' id='word_1_216' title='bbox 1302 1922 1493 1975; x_wconf 78' lang='grc' dir='ltr'>θαυμάζω.</span> 
     </span>
     <span class='ocr_line' id='line_1_31' title="bbox 166 1990 1496 2043; baseline -0.001 -11"><span class='ocrx_word' id='word_1_217' title='bbox 166 1993 230 2032; x_wconf 86' lang='grc' dir='ltr'>ἵνα</span> <span class='ocrx_word' id='word_1_218' title='bbox 255 1991 289 2031; x_wconf 93' lang='grc' dir='ltr'>δ’</span> <span class='ocrx_word' id='word_1_219' title='bbox 310 1991 430 2041; x_wconf 81' lang='grc' dir='ltr'>εἰδῆθ’</span> <span class='ocrx_word' id='word_1_220' title='bbox 450 1990 518 2043; x_wconf 84' lang='grc' dir='ltr'>ὑφ’</span> <span class='ocrx_word' id='word_1_221' title='bbox 545 1991 588 2031; x_wconf 80' lang='grc' dir='ltr'>οὗ</span> <span class='ocrx_word' id='word_1_222' title='bbox 608 1991 710 2042; x_wconf 84' lang='grc' dir='ltr'>φησὶ</span> <span class='ocrx_word' id='word_1_223' title='bbox 731 1992 793 2031; x_wconf 84' lang='grc' dir='ltr'>καὶ</span> <span class='ocrx_word' id='word_1_224' title='bbox 812 1993 860 2031; x_wconf 80' lang='grc' dir='ltr'>τὰ</span> <span class='ocrx_word' id='word_1_225' title='bbox 880 1993 986 2032; x_wconf 80' lang='grc' dir='ltr'>δεινὰ</span> <span class='ocrx_word' id='word_1_226' title='bbox 1007 1990 1259 2037; x_wconf 86' lang='grc' dir='ltr'>πεπονθέναι,</span> <span class='ocrx_word' id='word_1_227' title='bbox 1283 1990 1496 2032; x_wconf 86' lang='grc' dir='ltr'>θεάσασθε.</span> 
     </span>
     <span class='ocr_line' id='line_1_32' title="bbox 168 2057 1500 2110; baseline -0.001 -12"><span class='ocrx_word' id='word_1_228' title='bbox 168 2058 280 2100; x_wconf 76' lang='grc' dir='ltr'>οὗτός</span> <span class='ocrx_word' id='word_1_229' title='bbox 304 2059 416 2098; x_wconf 87' lang='grc' dir='ltr'>ἐστιν</span> <span class='ocrx_word' id='word_1_230' title='bbox 441 2058 461 2097; x_wconf 87' lang='grc' dir='ltr'>ὁ</span> <span class='ocrx_word' id='word_1_231' title='bbox 488 2059 758 2098; x_wconf 88' lang='grc' dir='ltr'>Πανταίνετον</span> <span class='ocrx_word' id='word_1_232' title='bbox 784 2059 983 2109; x_wconf 88' lang='grc' dir='ltr'>ἐκβαλών,</span> <span class='ocrx_word' id='word_1_233' title='bbox 1011 2058 1122 2100; x_wconf 82' lang='grc' dir='ltr'>οὗτός</span> <span class='ocrx_word' id='word_1_234' title='bbox 1158 2057 1243 2098; x_wconf 88' lang='grc' dir='ltr'>ἐσθ’</span> <span class='ocrx_word' id='word_1_235' title='bbox 1269 2059 1289 2097; x_wconf 91' lang='grc' dir='ltr'><em>ὁ</em></span> <span class='ocrx_word' id='word_1_236' title='bbox 1316 2058 1500 2110; x_wconf 88' lang='grc' dir='ltr'>κρείττων</span> 
     </span>
    </p>
   </div>
   <div class='ocr_carea' id='block_1_8' title="bbox 170 2165 1501 2293">
    <p class='ocr_par' dir='ltr' id='par_1_9' title="bbox 170 2165 1501 2293">
     <span class='ocr_line' id='line_1_33' title="bbox 211 2165 1500 2208; baseline 0 -10"><span class='ocrx_word' id='word_1_237' title='bbox 211 2169 232 2198; x_wconf 90' lang='grc'>6</span> <span class='ocrx_word' id='word_1_238' title='bbox 256 2167 385 2200; x_wconf 79' lang='grc' dir='ltr'>δικαίοις</span> <span class='ocrx_word' id='word_1_239' title='bbox 404 2166 545 2206; x_wconf 84' lang='grc' dir='ltr'>ἐμμένων</span> <span class='ocrx_word' id='word_1_240' title='bbox 557 2166 588 2197; x_wconf 93' lang='grc' dir='ltr'><strong>Α</strong></span> <span class='ocrx_word' id='word_1_241' title='bbox 720 2177 741 2205; x_wconf 91' lang='grc'>9</span> <span class='ocrx_word' id='word_1_242' title='bbox 765 2165 841 2198; x_wconf 87' lang='grc' dir='ltr'>τότε</span> <span class='ocrx_word' id='word_1_243' title='bbox 860 2166 884 2197; x_wconf 89' lang='lat' dir='ltr'>S</span> <span class='ocrx_word' id='word_1_244' title='bbox 898 2166 985 2206; x_wconf 80' lang='lat' dir='ltr'>FQ:</span> <span class='ocrx_word' id='word_1_245' title='bbox 1010 2167 1068 2199; x_wconf 81' lang='grc' dir='ltr'>τὸν</span> <span class='ocrx_word' id='word_1_246' title='bbox 1084 2166 1161 2199; x_wconf 90' lang='grc' dir='ltr'>τότε</span> <span class='ocrx_word' id='word_1_247' title='bbox 1182 2166 1215 2197; x_wconf 90' lang='grc' dir='ltr'>Α</span> <span class='ocrx_word' id='word_1_248' title='bbox 1361 2177 1396 2197; x_wconf 90' lang='grc' dir='ltr'>ΙΙ</span> <span class='ocrx_word' id='word_1_249' title='bbox 1425 2166 1500 2208; x_wconf 85' lang='grc' dir='ltr'>φέρε</span> 
     </span>
     <span class='ocr_line' id='line_1_34' title="bbox 170 2209 1499 2252; baseline -0.002 -9"><span class='ocrx_word' id='word_1_250' title='bbox 170 2213 207 2249; x_wconf 81' lang='grc' dir='ltr'>δὴ</span> <span class='ocrx_word' id='word_1_251' title='bbox 226 2212 272 2242; x_wconf 85' lang='lat' dir='ltr'>S:</span> <span class='ocrx_word' id='word_1_252' title='bbox 297 2210 372 2252; x_wconf 86' lang='grc' dir='ltr'>φέρε</span> <span class='ocrx_word' id='word_1_253' title='bbox 390 2210 478 2249; x_wconf 91' lang='lat' dir='ltr'><strong>vulg.</strong></span> <span class='ocrx_word' id='word_1_254' title='bbox 661 2219 699 2248; x_wconf 87' lang='lat'>13</span> <span class='ocrx_word' id='word_1_255' title='bbox 724 2209 758 2241; x_wconf 80' lang='grc' dir='ltr'>δὲ</span> <span class='ocrx_word' id='word_1_256' title='bbox 777 2210 814 2246; x_wconf 85' lang='lat' dir='ltr'>S,</span> <span class='ocrx_word' id='word_1_257' title='bbox 832 2210 872 2240; x_wconf 90' lang='lat' dir='ltr'>cf.</span> <span class='ocrx_word' id='word_1_258' title='bbox 891 2210 1022 2241; x_wconf 84' lang='lat' dir='ltr'>Andoc.</span> <span class='ocrx_word' id='word_1_259' title='bbox 1043 2211 1051 2240; x_wconf 88' lang='lat' dir='ltr'>i</span> <span class='ocrx_word' id='word_1_260' title='bbox 1071 2221 1131 2250; x_wconf 89' lang='lat'>27:</span> <span class='ocrx_word' id='word_1_261' title='bbox 1158 2212 1196 2248; x_wconf 81' lang='grc' dir='ltr'>δὴ</span> <span class='ocrx_word' id='word_1_262' title='bbox 1213 2211 1318 2250; x_wconf 63' lang='lat' dir='ltr'>vulg„</span> <span class='ocrx_word' id='word_1_263' title='bbox 1334 2211 1374 2241; x_wconf 88' lang='lat' dir='ltr'>cf.</span> <span class='ocrx_word' id='word_1_264' title='bbox 1396 2211 1430 2241; x_wconf 89' lang='lat' dir='ltr'>ix</span> <span class='ocrx_word' id='word_1_265' title='bbox 1449 2220 1499 2249; x_wconf 81' lang='lat'>71,</span> 
     </span>
     <span class='ocr_line' id='line_1_35' title="bbox 170 2252 1501 2293; baseline -0.001 -9"><span class='ocrx_word' id='word_1_266' title='bbox 170 2254 243 2284; x_wconf 82' lang='lat' dir='ltr'><strong>xliii</strong></span> <span class='ocrx_word' id='word_1_267' title='bbox 261 2264 302 2293; x_wconf 86' lang='lat'>24</span> <span class='ocrx_word' id='word_1_268' title='bbox 418 2263 455 2292; x_wconf 91' lang='lat'>15</span> <span class='ocrx_word' id='word_1_269' title='bbox 481 2253 644 2286; x_wconf 83' lang='grc' dir='ltr'>ἐνέλειπεν</span> <span class='ocrx_word' id='word_1_270' title='bbox 662 2253 685 2284; x_wconf 88' lang='lat' dir='ltr'>S</span> <span class='ocrx_word' id='word_1_271' title='bbox 699 2253 730 2283; x_wconf 91' lang='lat' dir='ltr'><strong>A</strong></span> <span class='ocrx_word' id='word_1_272' title='bbox 745 2264 751 2283; x_wconf 74' lang='grc' dir='ltr'>ε</span> <span class='ocrx_word' id='word_1_273' title='bbox 778 2252 923 2285; x_wconf 83' lang='grc' dir='ltr'>ἐνέλιπεν</span> <span class='ocrx_word' id='word_1_274' title='bbox 940 2254 1030 2293; x_wconf 86' lang='lat' dir='ltr'><strong>vulg.</strong></span> <span class='ocrx_word' id='word_1_275' title='bbox 1154 2264 1191 2292; x_wconf 94' lang='lat'>17</span> <span class='ocrx_word' id='word_1_276' title='bbox 1216 2256 1254 2285; x_wconf 81' lang='grc' dir='ltr'>τὺ</span> <span class='ocrx_word' id='word_1_277' title='bbox 1273 2257 1351 2286; x_wconf 76' lang='lat' dir='ltr'><em>(om.</em></span> <span class='ocrx_word' id='word_1_278' title='bbox 1372 2254 1396 2284; x_wconf 83' lang='lat' dir='ltr'>F</span> <span class='ocrx_word' id='word_1_279' title='bbox 1409 2254 1439 2292; x_wconf 84' lang='lat' dir='ltr'>Q</span> <span class='ocrx_word' id='word_1_280' title='bbox 1455 2253 1501 2293; x_wconf 89' lang='lat' dir='ltr'>D)</span> 
     </span>
    </p>
   </div>
   <div class='ocr_carea' id='block_1_9' title="bbox 173 2297 1505 2469">
    <p class='ocr_par' dir='ltr' id='par_1_10' title="bbox 173 2297 1505 2469">
     <span class='ocr_line' id='line_1_36' title="bbox 173 2297 1503 2337; baseline -0.001 -8"><span class='ocrx_word' id='word_1_281' title='bbox 173 2300 441 2337; x_wconf 83' lang='grc' dir='ltr'>καταπεπλῆχθαι</span> <span class='ocrx_word' id='word_1_282' title='bbox 463 2297 559 2328; x_wconf 87' lang='lat' dir='ltr'><strong>codd.</strong></span> <span class='ocrx_word' id='word_1_283' title='bbox 579 2308 586 2327; x_wconf 77' lang='lat' dir='ltr'><em>z</em></span> <span class='ocrx_word' id='word_1_284' title='bbox 615 2298 651 2328; x_wconf 78' lang='grc' dir='ltr'>τὸ</span> <span class='ocrx_word' id='word_1_285' title='bbox 674 2297 718 2336; x_wconf 76' lang='grc' dir='ltr'>μὴ</span> <span class='ocrx_word' id='word_1_286' title='bbox 744 2300 1015 2337; x_wconf 83' lang='grc' dir='ltr'>καταπεπλῆχθαι</span> <span class='ocrx_word' id='word_1_287' title='bbox 1032 2297 1152 2328; x_wconf 85' lang='lat' dir='ltr'>Wolf:</span> <span class='ocrx_word' id='word_1_288' title='bbox 1181 2299 1217 2329; x_wconf 83' lang='grc' dir='ltr'>τὸ</span> <span class='ocrx_word' id='word_1_289' title='bbox 1235 2298 1503 2330; x_wconf 77' lang='grc' dir='ltr'>καταπεπλάσθαι</span> 
     </span>
     <span class='ocr_line' id='line_1_37' title="bbox 174 2340 1503 2381; baseline 0.002 -10"><span class='ocrx_word' id='word_1_290' title='bbox 174 2341 353 2380; x_wconf 85' lang='lat' dir='ltr'>Emperius</span> <span class='ocrx_word' id='word_1_291' title='bbox 369 2351 485 2379; x_wconf 84' lang='lat' dir='ltr'>opusc.</span> <span class='ocrx_word' id='word_1_292' title='bbox 507 2351 537 2379; x_wconf 92' lang='lat' dir='ltr'>p.</span> <span class='ocrx_word' id='word_1_293' title='bbox 562 2350 610 2379; x_wconf 81' lang='lat'>17,</span> <span class='ocrx_word' id='word_1_294' title='bbox 631 2340 669 2370; x_wconf 92' lang='lat' dir='ltr'>cf.</span> <span class='ocrx_word' id='word_1_295' title='bbox 689 2340 746 2369; x_wconf 86' lang='lat' dir='ltr'>xlv</span> <span class='ocrx_word' id='word_1_296' title='bbox 769 2341 821 2371; x_wconf 90' lang='lat'>68.</span> <span class='ocrx_word' id='word_1_297' title='bbox 869 2340 1009 2372; x_wconf 80' lang='lat' dir='ltr'>Aristid.</span> <span class='ocrx_word' id='word_1_298' title='bbox 1038 2341 1059 2370; x_wconf 86' lang='lat' dir='ltr'>ii</span> <span class='ocrx_word' id='word_1_299' title='bbox 1085 2351 1149 2381; x_wconf 83' lang='lat'>524</span> <span class='ocrx_word' id='word_1_300' title='bbox 1175 2341 1503 2381; x_wconf 84' lang='grc' dir='ltr'>καταπεπλασμένους</span> 
     </span>
     <span class='ocr_line' id='line_1_38' title="bbox 173 2384 1503 2426; baseline 0.002 -11"><span class='ocrx_word' id='word_1_301' title='bbox 173 2385 230 2415; x_wconf 85' lang='grc' dir='ltr'>τὸν</span> <span class='ocrx_word' id='word_1_302' title='bbox 241 2385 312 2420; x_wconf 76' lang='grc' dir='ltr'>βίον</span> <span class='ocrx_word' id='word_1_303' title='bbox 323 2384 461 2414; x_wconf 87' lang='lat' dir='ltr'>laudant</span> <span class='ocrx_word' id='word_1_304' title='bbox 473 2384 549 2414; x_wconf 82' lang='lat' dir='ltr'>edd.</span> <span class='ocrx_word' id='word_1_305' title='bbox 564 2384 661 2414; x_wconf 85' lang='lat' dir='ltr'>Turr.</span> <span class='ocrx_word' id='word_1_306' title='bbox 730 2384 768 2413; x_wconf 86' lang='lat'>18</span> <span class='ocrx_word' id='word_1_307' title='bbox 787 2385 911 2424; x_wconf 82' lang='grc' dir='ltr'>ἐμαυτῷ</span> <span class='ocrx_word' id='word_1_308' title='bbox 923 2384 953 2414; x_wconf 92' lang='grc' dir='ltr'>Α</span> <span class='ocrx_word' id='word_1_309' title='bbox 968 2396 973 2415; x_wconf 90' lang='lat'>:</span> <span class='ocrx_word' id='word_1_310' title='bbox 994 2385 1132 2423; x_wconf 80' lang='grc' dir='ltr'>ἐμαυτὸν</span> <span class='ocrx_word' id='word_1_311' title='bbox 1142 2384 1232 2422; x_wconf 81' lang='lat' dir='ltr'>vulg.</span> <span class='ocrx_word' id='word_1_312' title='bbox 1299 2395 1337 2415; x_wconf 89' lang='lat'>21</span> <span class='ocrx_word' id='word_1_313' title='bbox 1358 2386 1503 2426; x_wconf 84' lang='grc' dir='ltr'>ἀντιπρο-</span> 
     </span>
     <span class='ocr_line' id='line_1_39' title="bbox 174 2426 1505 2469; baseline 0.002 -11"><span class='ocrx_word' id='word_1_314' title='bbox 174 2426 372 2459; x_wconf 84' lang='grc' dir='ltr'>καλέσασθαι</span> <span class='ocrx_word' id='word_1_315' title='bbox 389 2426 420 2456; x_wconf 96' lang='grc' dir='ltr'><strong>Α</strong></span> <span class='ocrx_word' id='word_1_316' title='bbox 489 2437 595 2457; x_wconf 80' lang='lat'>21-22</span> <span class='ocrx_word' id='word_1_317' title='bbox 620 2428 669 2458; x_wconf 80' lang='grc' dir='ltr'>καὶ</span> <span class='ocrx_word' id='word_1_318' title='bbox 689 2428 738 2458; x_wconf 81' lang='grc' dir='ltr'>ὅτι</span> <span class='ocrx_word' id='word_1_319' title='bbox 757 2450 763 2456; x_wconf 93' lang='grc'><em>.</em></span> <span class='ocrx_word' id='word_1_320' title='bbox 783 2450 790 2456; x_wconf 89' lang='grc'><strong>.</strong></span> <span class='ocrx_word' id='word_1_321' title='bbox 813 2451 820 2457; x_wconf 91' lang='grc'><strong>.</strong></span> <span class='ocrx_word' id='word_1_322' title='bbox 841 2426 931 2467; x_wconf 81' lang='grc' dir='ltr'>λέγω</span> <span class='ocrx_word' id='word_1_323' title='bbox 947 2432 1118 2467; x_wconf 77' lang='lat' dir='ltr'>suspectat</span> <span class='ocrx_word' id='word_1_324' title='bbox 1136 2427 1235 2458; x_wconf 77' lang='lat' dir='ltr'>Blass</span> <span class='ocrx_word' id='word_1_325' title='bbox 1311 2439 1351 2467; x_wconf 88' lang='lat'>24</span> <span class='ocrx_word' id='word_1_326' title='bbox 1378 2427 1505 2469; x_wconf 78' lang='grc' dir='ltr'>φεύγων</span> 
     </span>
    </p>
   </div>
   <div class='ocr_carea' id='block_1_10' title="bbox 176 2469 303 2510">
    <p class='ocr_par' dir='ltr' id='par_1_11' title="bbox 176 2469 303 2510">
     <span class='ocr_line' id='line_1_40' title="bbox 176 2469 303 2510; baseline 0 -10"><span class='ocrx_word' id='word_1_327' title='bbox 176 2470 257 2510; x_wconf 78' lang='lat' dir='ltr'>(bis)</span> <span class='ocrx_word' id='word_1_328' title='bbox 272 2469 303 2500; x_wconf 85' lang='lat' dir='ltr'><strong>A</strong></span> 
     </span>
    </p>
   </div>
   <div class='ocr_carea' id='block_1_11' title="bbox 1520 123 1635 179">
    <p class='ocr_par' dir='ltr' id='par_1_12' title="bbox 1520 123 1635 179">
     <span class='ocr_line' id='line_1_41' title="bbox 1520 123 1635 179; baseline 0 0"><span class='ocrx_word' id='word_1_329' title='bbox 1520 123 1635 179; x_wconf 85' lang='lat'>[978]</span> 
     </span>
    </p>
   </div>
   <div class='ocr_carea' id='block_1_12' title="bbox 1520 266 1563 301">
    <p class='ocr_par' dir='ltr' id='par_1_13' title="bbox 1520 266 1563 301">
     <span class='ocr_line' id='line_1_42' title="bbox 1520 266 1563 301; baseline 0 -9"><span class='ocrx_word' id='word_1_330' title='bbox 1520 266 1563 301; x_wconf 85' lang='lat'>41</span> 
     </span>
    </p>
   </div>
   <div class='ocr_carea' id='block_1_13' title="bbox 1521 672 1567 705">
    <p class='ocr_par' dir='ltr' id='par_1_14' title="bbox 1521 672 1567 705">
     <span class='ocr_line' id='line_1_43' title="bbox 1521 672 1567 705; baseline 0 -9"><span class='ocrx_word' id='word_1_331' title='bbox 1521 672 1567 705; x_wconf 88' lang='lat'>42</span> 
     </span>
    </p>
   </div>
   <div class='ocr_carea' id='block_1_14' title="bbox 1525 1122 1652 1178">
    <p class='ocr_par' dir='ltr' id='par_1_15' title="bbox 1525 1122 1652 1178">
     <span class='ocr_line' id='line_1_44' title="bbox 1525 1122 1652 1178; baseline -0.008 -5"><span class='ocrx_word' id='word_1_332' title='bbox 1525 1122 1652 1178; x_wconf 86' lang='lat'>[979]</span> 
     </span>
    </p>
   </div>
   <div class='ocr_carea' id='block_1_15' title="bbox 1521 1272 1568 1307">
    <p class='ocr_par' dir='ltr' id='par_1_16' title="bbox 1521 1272 1568 1307">
     <span class='ocr_line' id='line_1_45' title="bbox 1521 1272 1568 1307; baseline 0.085 -4"><span class='ocrx_word' id='word_1_333' title='bbox 1521 1272 1568 1307; x_wconf 87' lang='grc'>43</span> 
     </span>
    </p>
   </div>
   <div class='ocr_carea' id='block_1_16' title="bbox 1526 1876 1574 1912">
    <p class='ocr_par' dir='ltr' id='par_1_17' title="bbox 1526 1876 1574 1912">
     <span class='ocr_line' id='line_1_46' title="bbox 1526 1876 1574 1912; baseline -0.021 0"><span class='ocrx_word' id='word_1_334' title='bbox 1526 1876 1574 1912; x_wconf 85' lang='lat'>44</span> 
     </span>
    </p>
   </div>
  </div>
 </body>
</html>
