1685 2772
64 508 82 540 5

47 843 85 865 10

48 1519 88 1540 20

50 1852 87 1884 25

104 109 250 159 xxxw]
469 115 636 152 ’ΥΠΕΡ
682 113 1059 152 ΦΟΡΜΙΩΝΟΣ

102 226 224 266 πόθεν
249 226 296 264 τῖι
328 226 423 264 ὄντα
454 223 638 274 κέκτηται
667 224 865 275 Φορμίων,
893 223 998 276 μόνῳ
1028 226 1106 262 τῶν
1129 223 1257 262 ὄντων
1282 220 1430 272 ἀνθρώ-

103 309 187 332 πων
224 292 291 332 σοὶ
326 295 467 331 τοῦτον
497 291 564 331 οὐκ
602 290 730 331 ἔνεστ’
766 292 890 330 εἰπεῖν
921 289 991 330 τὸν
1024 289 1163 340 λόγον.
1234 288 1323 328 οὐδὲ
1358 289 1435 339 γὰρ

103 359 272 398 Πασίων
299 358 319 397 ὁ
344 358 417 399 σὸς
440 357 568 409 πατὴρ
592 356 779 407 ἐκτήσαθ’
804 357 926 404 εὑρὼν
951 356 1040 397 οὐδὲ
1063 359 1133 396 τοῦ
1160 354 1307 407 πατρὸς
1333 354 1433 408 αὐτῷ

102 426 360 477 παραδόντος,
386 425 494 465 ἀλλὰ
526 426 630 475 παρὰ
662 428 745 465 τοῖς
772 424 890 464 αὑτοῦ
922 424 1067 474 κυρίοις
1092 421 1340 462 Ἀντισθένει
1374 420 1435 460 καὶ

103 491 385 546 Ἀρχεστράτῳ
416 491 740 543 τραπεζιτεύουσι
774 494 911 542 πεῖραν
939 489 1028 530 δοὺς
1057 490 1117 528 ὅτι
1145 488 1322 541 χρηστός
1349 490 1435 527 ἐστι

105 558 165 598 καὶ
198 559 359 604 δίκαιος,
388 557 614 608 ἐπιστεύθη.
685 558 773 598 ἔστι
803 557 837 597 δ’
865 559 906 597 ἐν
932 556 1103 610 ἐμπορίῳ
1136 555 1199 595 καὶ
1233 554 1434 608 χρήμασιν

104 624 380 677 ἐργαζομένοις
413 625 632 677 ἀνθρώποις
663 622 857 676 φιλεργὸν
887 622 999 674 δόξαι
1030 622 1091 662 καὶ
1123 621 1304 675 χρηστὸν
1335 620 1435 661 εῖναι

103 691 172 732 τὸν
212 691 329 732 αὐτὸν
367 691 597 742 θαυμαστὸν
635 691 787 742 ἡλίκον.
859 688 938 730 οὔτ’
976 689 1044 730 οὖν
1081 690 1217 743 ἐκείνῳ
1255 687 1360 729 τοῦθ’
1400 689 1435 728 οἱ

105 759 228 810 κύριοι
251 757 494 810 παρέδωκαν,
522 756 615 799 ἀλλ’
638 757 752 799 αὐτὸς
778 758 855 810 ἔφυ
879 756 1066 810 χρηστός,
1091 756 1181 796 οὔτε
1204 755 1294 810 τῷδ’
1319 756 1339 794 ὁ
1364 758 1435 796 σὸς

103 824 245 877 πατήρ·
284 827 332 866 σὲ
364 827 438 878 γὰρ
470 825 518 865 ἂν
543 825 734 877 πρότερον
757 828 871 865 τοῦδε
899 823 1076 878 χρηστὸν
1102 823 1302 873 ἐποίησεν,
1331 823 1364 862 εἰ
1388 821 1435 872 ἣν

105 892 166 933 ἐπ’
192 893 341 947 ἐκείνῳ.
411 893 445 933 εἰ
470 894 512 933 δὲ
535 890 639 932 τοῦτ’
664 891 835 944 ἀγνοεῖς,
860 892 922 932 ὅτι
952 892 1087 932 πίστις
1112 889 1270 943 ἀφορμὴ
1294 892 1436 930 πασῶν

105 960 192 1000 ἐστι
215 960 383 1012 μεγίστη
409 958 506 1012 πρὸς
529 959 821 1012 χρηματισμόν,
842 961 919 999 πᾶν
945 958 994 999 ἂν
1019 956 1266 1011 ἀγνοήσειας.
1317 956 1438 1009 χωρὶς

104 1029 147 1068 δὲ
178 1027 329 1068 τούτων
352 1029 487 1068 πολλὰ
521 1027 584 1067 καὶ
615 1031 668 1081 τῷ
703 1030 763 1081 σῷ
795 1026 913 1078 πατρὶ
948 1025 1010 1066 καὶ
1043 1025 1108 1065 σοὶ
1137 1024 1201 1064 καὶ
1231 1024 1334 1064 ὅλως
1355 1026 1437 1063 τοῖς

103 1093 304 1147 ὑμετέροις
330 1093 538 1148 πράγμασι
561 1094 748 1146 Φορμίων
774 1092 916 1146 γέγονε
944 1090 1152 1145 χρήσιμος.
1215 1089 1306 1130 ἀλλ’
1333 1089 1438 1141 οἶμαι

105 1163 174 1211 τῆς
200 1164 274 1212 σῆς
297 1162 521 1212 ἀπληστίας
549 1160 613 1202 καὶ
638 1165 707 1202 τοῦ
742 1164 816 1201 σοῦ
846 1160 993 1213 τρόπου
1021 1159 1079 1201 τίς
1104 1157 1151 1199 ἂν
1177 1157 1323 1198 δύναιτ’
1348 1158 1436 1209 ἐφι-

108 1227 265 1275 κέσθαι,·
307 1228 368 1269 καὶ
401 1231 500 1279 δῆτα
533 1227 714 1279 θαυμάζω
746 1232 831 1270 πῶς
862 1227 907 1267 οὐ
937 1226 1090 1279 λογίζει
1124 1224 1221 1278 πρὸς
1255 1224 1436 1269 σεαυτόν,

105 1295 166 1335 ὅτι
189 1295 303 1336 ἔστιν
328 1294 610 1349 Ἀρχεστράτῳ
634 1298 687 1349 τῷ
713 1297 809 1336 ποτὲ
832 1297 902 1335 τὸν
928 1294 1002 1335 σὸν
1026 1292 1176 1344 πατέρα
1206 1290 1438 1345 κτησαμένῳ

106 1361 189 1404 υἱὸς
232 1361 383 1408 ἐνθάδε,
426 1361 682 1414 Ἀντίμαχος,
722 1361 905 1413 πράττων
944 1361 989 1401 οὐ
1029 1360 1111 1400 κατ’
1151 1358 1277 1409 ἀξίαν,
1316 1357 1358 1399 ὃς
1394 1357 1439 1397 οὐ

107 1427 306 1478 δικάζεταί
329 1445 407 1475 σοι,
434 1429 524 1469 οὐδὲ
553 1427 660 1468 δεινά
690 1433 794 1480 φησι
822 1428 1011 1480 πάσχειν,
1039 1428 1072 1467 εἰ
1099 1426 1149 1466 σὺ
1172 1427 1246 1477 μὲν
1270 1424 1440 1477 χλανίδα

108 1499 257 1547 φορεῖς,
284 1495 349 1536 καὶ
374 1495 449 1545 τὴν
471 1497 544 1547 μὲν
568 1494 752 1541 λέλυσαι,
778 1494 850 1545 τὴν
876 1494 908 1535 δ’
936 1493 1150 1534 ἐκδέδωκας
1180 1493 1349 1543 ἑταίραν,
1377 1492 1438 1531 καὶ

107 1565 227 1602 ταῦτα
262 1561 415 1615 γυναῖκ’
454 1562 558 1615 ἔχων
599 1565 738 1607 ποιεῖς,
779 1561 841 1602 καὶ
882 1564 984 1613 τρεῖς
1024 1563 1165 1600 παῖδας
1202 1558 1439 1599 ἀκολούθους

107 1628 300 1681 περιάγει,
320 1629 384 1670 καὶ
402 1629 466 1686 ζῇς
490 1629 674 1681 ἀσελγῶς
693 1629 798 1669 ὥστε
823 1629 884 1668 καὶ
910 1627 999 1668 τοὺς
1020 1628 1274 1667 ἀπαντῶντας
1298 1623 1438 1664 αἰσθά-

108 1698 260 1741 νεσθαι,
296 1695 411 1737 αὐτὸς
444 1695 477 1735 δ’
512 1697 661 1737 ἐκεῖνος
694 1699 859 1735 πολλῶν
890 1693 1024 1744 ἐνδεής
1057 1695 1180 1733 ἐστιν.
1252 1692 1339 1732 οὐδὲ
1372 1690 1441 1732 τὸν

109 1762 306 1814 Φορμίων’
337 1764 484 1805 ἐκεῖνος
515 1762 589 1815 οὐχ
623 1762 703 1816 ὁρᾷ.
776 1764 900 1802 καίτοι
937 1763 970 1801 εἶ
1007 1762 1105 1801 κατὰ
1137 1758 1239 1799 τοῦτ’
1270 1760 1342 1799 οἴει
1376 1775 1441 1798 σοι

108 1828 326 1880 προσήκειν
348 1833 425 1869 τῶν
450 1830 600 1875 τούτου,
623 1830 684 1869 ὅτι
707 1831 776 1870 τοῦ
800 1829 945 1881 πατρός
971 1827 1057 1868 ποτ’
1080 1826 1237 1879 ἐγένετο
1261 1829 1329 1865 τοῦ
1354 1828 1438 1871 σοῦ,

109 1897 244 1951 ἐκείνῳ
277 1895 471 1946 προσήκει
499 1899 657 1947 μᾶλλον
682 1892 705 1946 ἢ
734 1896 812 1935 σοί’
851 1896 871 1935 ὁ
901 1897 976 1948 γὰρ
1006 1895 1053 1935 αὖ
1087 1892 1159 1935 σὸς
1188 1892 1315 1944 πατὴρ
1341 1891 1438 1932 ἐκεί-

109 1979 187 2003 νων
222 1962 390 2015 ἐγένετο,
427 1964 531 2003 ὥστε
568 1963 631 2003 καὶ
667 1962 717 2002 σὺ
755 1963 817 2003 καὶ
854 1962 965 2004 οὗτος
1003 1962 1153 2002 ἐκείνου
1188 1958 1369 2012 γίγνεσθ’
1398 1960 1441 1998 ἐκ

109 2029 246 2070 τούτου
270 2033 338 2069 τοῦ
363 2030 498 2082 λόγου.
565 2029 615 2069 σὺ
641 2029 672 2069 δ’
699 2031 753 2070 εἰς
778 2029 882 2069 τοῦθ’
904 2030 1009 2079 ἥκεις
1035 2026 1318 2080 ἀγνωμοσύνης
1343 2024 1440 2064 ὥσθ’

158 2150 170 2170 1
199 2139 352 2179 κέκτηται
371 2139 401 2170 D
422 2139 599 2180 (Reiske):
627 2139 782 2178 κέκτησαι
799 2139 888 2178 vulg.
962 2149 981 2168 2
1007 2139 1056 2170 σοὶ
1074 2148 1138 2169 orn.
1158 2136 1224 2175 FQ
1237 2136 1267 2166 D
1335 2129 1441 2167 ἔνεστ’

112 2182 136 2213 S
153 2195 159 2213 τ
185 2184 313 2215 ἔνεστιν
330 2183 420 2222 vulg.
441 2195 448 2213 :
474 2183 564 2214 ἔστιν
579 2183 610 2214 Α
829 2193 848 2221 4
874 2182 976 2223 ἀλλὰ]
995 2188 1080 2219 αλλη
1097 2181 1128 2211 Α
1146 2192 1153 2211 t
1178 2181 1253 2212 ἀλλ’
1272 2180 1291 2218 ἢ
1316 2178 1442 2208 ReiSke

111 2227 132 2256 8
155 2228 241 2258 τοῦθ’
259 2226 283 2257 S
299 2238 306 2257 :
329 2227 418 2258 ταῦθ’
436 2231 513 2257 cett.
644 2236 679 2256 11
705 2229 772 2258 τῶν
787 2228 898 2257 πασῶν
914 2225 956 2263 Α,
979 2225 1018 2256 cf.
1037 2224 1095 2254 xix
1113 2225 1173 2254 261
1298 2223 1337 2252 16
1360 2223 1442 2258 δῆτα

113 2279 177 2301 om.
196 2270 221 2300 F
233 2269 263 2308 Q
277 2269 306 2299 D
407 2268 566 2310 λογίζη(ι)
585 2270 684 2301 codd.
785 2281 984 2310 προσεαυτον
1001 2268 1025 2299 S
1192 2277 1228 2305 17
1253 2267 1311 2297 τὸν
1323 2265 1443 2305 πατέρα

113 2313 170 2344 τὸν
188 2314 245 2344 σὺν
263 2312 329 2351 FQ
343 2312 373 2342 D
540 2322 577 2342 21
605 2315 704 2344 ποιεῖς
723 2311 786 2343 del.
806 2312 921 2342 Naber
1084 2321 1125 2340 22
1149 2310 1292 2350 περιάγει
1312 2308 1419 2338 Cobet
1435 2319 1442 2337 :

112 2357 275 2397 περιάγεις
291 2357 387 2387 codd.
479 2357 563 2388 ὥστε
583 2355 607 2386 S
623 2367 630 2386 :
654 2358 752 2388 οὕτως
770 2356 854 2386 ὥστε
871 2354 963 2393 vulg.
1098 2364 1138 2392 24
1163 2355 1224 2393 οὐχ
1243 2363 1307 2383 om.
1331 2350 1397 2389 FQ
1414 2350 1442 2380 D

114 2401 157 2429 26
182 2400 326 2440 ἐκείνων]
347 2400 468 2431 ἐκείνου
484 2400 514 2430 Α
648 2401 690 2429 28
713 2398 830 2430 τούτου
847 2398 870 2428 S
883 2398 913 2427 A
932 2409 938 2427 z
962 2400 1054 2430 τοῦδε
1072 2397 1159 2435 vulg.

1461 100 1575 156 [957]

1464 570 1507 602 44

1467 814 1582 869 [958]

1468 1232 1511 1266 45
