1685 2772
43 108 156 163 [876]

47 769 154 825 [877]

619 118 1108 156 ΔΗΜΟΣΘΕΝΟὙΣ
1400 113 1522 169 [xxxx

184 228 319 280 μένον,
347 230 380 269 εἰ
404 227 493 279 μηδ’
520 228 650 268 ὁτιοῦν
681 226 808 278 ἕξοιμι
840 231 919 267 τῶν
948 226 1134 278 Ἀφόβου
1163 230 1309 278 λαβεῖν
1339 231 1407 267 τοῦ
1433 228 1522 280 τᾶμ’

186 296 362 349 ἔχοντος,
399 294 490 335 ἀλλ’
520 294 595 335 ὑπὸ
627 294 766 335 τούτου
801 294 1049 345 κωλυόμενος
1083 293 1255 346 φανερὸς
1288 294 1521 346 γενήσομαι.

187 363 249 403 καὶ
265 363 304 402 τί
321 366 450 410 ποιεῖ,·
478 361 568 404 τοὺς
584 363 696 414 ὅρους
717 360 793 402 ἀπὸ
812 363 881 411 τῆς
901 362 1025 403 οἰκίας
1046 362 1218 413 ἀφαιρεῖ,
1243 361 1304 401 καὶ
1323 361 1522 403 τάλαντον

184 431 305 481 μόνου
331 430 432 470 εἶναι
456 429 528 479 τὴν
554 428 697 481 προῖκά
722 434 863 481 φησιν,
900 429 942 469 ἐν
972 427 1005 484 ᾧ
1031 428 1075 469 τὸ
1106 429 1254 482 χωρίον
1283 429 1518 480 ἀποτετιμῆ-

186 499 293 537 σθαι.
346 497 470 537 καίτοι
494 498 617 546 δῆλον
642 496 701 536 ὅτι
725 495 816 537 τοὺς
842 495 907 536 ἐπὶ
931 497 1001 546 τῆς
1024 496 1148 536 οἰκίας
1174 496 1286 547 ὅρους
1312 497 1344 536 εἰ
1365 498 1521 538 δικαίως

186 564 324 614 ἔθηκεν
351 564 413 603 καὶ
438 565 561 605 ὄντως
586 564 763 614 ἀληθεῖς,
793 563 949 605 δικαίως
975 562 1038 603 καὶ
1067 562 1157 605 τοὺς
1188 563 1251 602 ἐπὶ
1281 565 1349 603 τοΰ
1372 565 1521 616 χωρίου

185 630 361 681 τέθηκεν·
400 632 433 671 εἰ
469 630 502 670 δ’
542 630 654 672 εὐθὺς
692 631 840 670 ἀδικεῖν
882 631 1128 681 βουλόμενος
1170 632 1333 682 ψευδεῖς
1380 631 1521 681 ἔθηκεν

187 700 370 743 ἐκείνους,
403 697 505 739 εἰκὸς
542 697 605 737 καὶ
640 697 801 738 τούτους
838 697 907 737 οὐκ
944 698 1107 747 ἀληθεῖς
1138 696 1345 751 ὑπάρχειν.
1405 702 1520 738 τοῦτο

185 767 317 806 τοίνυν
343 764 410 805 οὐκ
436 764 482 815 ἐξ
503 765 557 805 ὧν
584 765 661 816 ἐγὼ
688 763 892 814 δεδήλωκα
916 764 1051 816 λόγων
1075 767 1137 804 δεῖ
1159 767 1338 811 σκοπεῖν,
1360 764 1452 805 ἀλλ’
1478 766 1496 805 ε’

185 833 239 873 ὧν
265 831 379 874 αὐτὸς
405 832 516 873 οὗτος
543 830 792 883 διεπράξατο·
831 830 910 872 οὐδ’
929 830 997 883 ὑφ’
1032 831 1119 873 ἑνὸς
1147 832 1223 884 γὰρ
1255 832 1521 884 ἀναγκασθεὶς

186 899 403 951 ἀνθρώπων
428 898 542 940 αὐτὸς
568 899 727 938 ἀνεῖλεν
751 898 841 940 τοὺς
866 899 991 949 ὅρους,
1019 898 1120 953 ἔργῳ
1151 901 1325 950 φανερὸν
1350 898 1521 950 ποιήσας

185 967 246 1006 ὅτι
269 966 472 1018 ψεύδεται.
526 965 588 1005 καὶ
613 964 721 1005 ταῦθ’
748 965 799 1007 ὡς
825 965 954 1016 ἀληθῆ
979 964 1099 1017 λέγω,
1126 968 1169 1005 τὸ
1194 968 1267 1016 μὲν
1285 967 1432 1019 χωρίον
1458 967 1520 1006 καὶ

186 1036 254 1073 νῦν
279 1033 391 1075 οὗτός
416 1037 544 1085 φησιν
575 1034 890 1083 ἀποτετιμῆσθαι
918 1031 1129 1078 ταλάντου,
1157 1031 1228 1082 τὴν
1253 1031 1285 1072 δ’
1312 1034 1439 1073 οἰκίαν
1469 1032 1520 1075 ὡς

186 1101 468 1151 προσωρίσατο
494 1101 707 1153 δισχιλίων
733 1099 796 1139 καὶ
820 1098 945 1140 πάλιν
969 1098 1060 1141 τοὺς
1085 1100 1199 1151 ὅρους
1224 1100 1382 1140 ἀνεῖλεν
1405 1116 1518 1152 γενο-

187 1165 305 1217 μένης
323 1169 393 1217 τῆς
411 1167 531 1216 δίκης,
552 1166 642 1208 τοὺς
668 1167 819 1208 εἰδότας
844 1167 935 1217 ὑμῖν
954 1165 1152 1219 μάρτυρας
1167 1165 1398 1218 παρέξομαι.
1458 1167 1524 1207 καί

162 1276 165 1279 ζ
187 1250 254 1284 μοι
276 1236 382 1285 λαβὲ
406 1233 476 1283 τὴν
501 1234 727 1285 μαρτυρίαν.

733 1359 944 1386 ΜΑΡΤΤΡῙΑ.

256 1436 395 1485 Δῆλον
423 1434 554 1475 τοίνυν
583 1434 644 1474 ὅτι
674 1434 887 1487 δισχιλίων
923 1434 996 1484 μὲν
1030 1432 1248 1485 ὡρισμένος
1277 1433 1348 1485 τὴν
1379 1435 1518 1482 οἰκίαν,

186 1501 384 1542 ταλάντου
431 1503 474 1542 δὲ
519 1500 564 1541 τὸ
612 1501 773 1556 χωρίον,
816 1500 868 1542 ὡς
909 1499 1152 1552 ὀγδοήκοντα
1197 1503 1296 1552 μνᾶς
1344 1503 1520 1544 δεδωκὼς

187 1568 357 1620 ἔμελλεν
376 1567 720 1621 ἀμφισβητήσειν.
766 1568 900 1619 μεῖζον
919 1567 988 1607 οὖν
1008 1566 1055 1607 ἄν
1074 1584 1111 1608 τι
1130 1566 1287 1620 γένοιτο
1311 1568 1520 1621 τεκμήριον

186 1637 277 1687 ὑμῖν
314 1639 383 1676 τοῦ
423 1638 544 1687 μηδὲν
587 1636 732 1686 ἀληθὲς
775 1639 843 1676 νῦν
883 1633 1019 1686 λέγειν
1056 1638 1196 1676 τοῦτον
1234 1632 1257 1685 ἢ
1300 1637 1334 1676 εἶ
1376 1636 1519 1688 φανείη

186 1702 239 1754 μὴ
273 1703 394 1743 ταύτὰ
421 1702 552 1755 λέγων
581 1707 662 1744 τοῖς
693 1701 739 1753 ἐξ
765 1703 890 1756 ἀρχῆς
921 1701 1010 1755 περὶ
1039 1705 1117 1742 τῶν
1151 1702 1295 1750 αὐτῶν;
1330 1703 1417 1754 ἐμοὶ
1446 1705 1520 1754 μὲν

187 1770 264 1823 γὰρ
288 1770 402 1811 οὐδὲν
425 1769 474 1810 ἂν
499 1773 606 1810 δοκεῖ
628 1769 768 1810 τούτου
791 1770 924 1820 μεῖζον
950 1770 1166 1821 εὑρεθῆναι.

257 1836 473 1889 Σκέψασθε
508 1836 640 1877 τοίνυν
676 1836 748 1887 τὴν
778 1837 991 1883 ἀναίδειαν,
1024 1836 1065 1879 ὃς
1099 1838 1142 1877 ἐν
1173 1837 1264 1887 ὑμῖν
1297 1838 1520 1889 ἐτόλμησεν

190 1904 328 1950 εἰπεῖν,
378 1903 429 1945 ὡς
471 1903 540 1944 οὐκ
587 1904 804 1957 ἀποστερεῖ
837 1904 876 1955 μ’
919 1904 1002 1958 ὅσῳ
1044 1905 1228 1946 πλείονος
1274 1903 1386 1955 ἄξιόν
1431 1906 1521 1945 ἐστι

189 1969 397 2017 ταλάντου,
426 1971 488 2011 καὶ
513 1970 620 2011 ταῦτ’
646 1971 761 2013 αὐτὸς
786 1970 956 2023 τιμήσας
975 1970 1042 2011 οὐκ
1062 1971 1171 2022 ἄξιον
1197 1970 1296 2012 εἶναι
1322 1972 1519 2013 πλείονος.

189 2038 231 2077 τί
252 2038 326 2089 γὰρ
351 2038 597 2089 βουλόμενος
622 2040 836 2091 δισχιλίων
857 2039 1096 2090 προσωρίσω
1116 2037 1187 2089 τὴν
1207 2040 1344 2085 οἰκίαν,
1367 2039 1433 2079 ὅτε
1452 2040 1521 2080 τὰς

233 2158 253 2186 4
278 2155 377 2188 φασιν
394 2147 417 2178 S
472 2150 506 2180 ἐν
523 2147 561 2189 ᾧ]
581 2150 630 2189 ἐφ’
643 2146 666 2189 ᾧ
684 2147 825 2186 Seager,
841 2147 876 2179 οὗ
890 2148 1061 2187 Schaeser,
1076 2147 1162 2179 ates.
1181 2151 1195 2186 ξ
1211 2157 1238 2186 7,
1253 2148 1332 2188 Pap.
1352 2147 1443 2181 B.U.
1456 2158 1522 2188 970

190 2200 209 2229 5
227 2191 351 2223 δικαίως
366 2191 411 2221 F:
430 2192 567 2224 δικαίους
580 2191 604 2223 S
616 2191 646 2221 A
715 2193 736 2221 6
755 2189 882 2230 ἔθηκεν]
893 2191 1057 2223 τέθεικεΑ
1091 2192 1216 2224 δικαίως
1231 2191 1268 2222 Sl
1282 2191 1325 2222 F:
1343 2192 1520 2224 δικαίουςΑ

191 2236 284 2273 (post
299 2235 443 2275 χωρίου),
462 2234 485 2265 S
500 2245 542 2265 m.
560 2245 627 2266 rec.
698 2244 715 2274 7
737 2235 824 2267 εὐθὺς
839 2234 864 2265 S
879 2244 943 2273 mg.
957 2235 1047 2274 vulg.
1063 2247 1068 2266 :
1092 2234 1226 2267 τούτους
1245 2234 1269 2265 S
1337 2236 1357 2265 8
1383 2235 1521 2268 ἐκείνους

191 2278 216 2308 S
233 2288 297 2317 mg.
315 2278 403 2317 vulg.
422 2289 429 2308 :
453 2279 618 2310 κακείνους
636 2277 660 2308 S
763 2288 802 2308 10
824 2280 886 2319 γὰρ
904 2288 968 2308 orn.
990 2278 1038 2318 Sl,
1059 2279 1135 2310 add.
1153 2288 1194 2309 m.
1215 2282 1283 2309 ant.
1301 2290 1307 2309 :
1331 2283 1408 2317 post
1424 2280 1520 2312 αὐτὸς

190 2322 284 2360 ponit
303 2321 328 2351 F
464 2332 498 2352 11
527 2322 622 2354 αὐτὸς
640 2321 670 2351 Α
683 2322 730 2353 F:
754 2320 846 2354 οὗτος
864 2322 888 2352 S
902 2321 1032 2362 Dpr.
1169 2332 1206 2360 14
1231 2322 1430 2362 προωρίσατο
1450 2322 1474 2352 F
1489 2323 1519 2352 D

191 2364 289 2439 τὲάόιν
306 2366 354 2397 ὅτι
371 2366 402 2395 Α
512 2375 549 2395 21
577 2368 632 2397 νῦν
648 2375 713 2396 Οῐῃ.
734 2365 765 2394 A
778 2365 808 2394 D
919 2375 959 2405 24
983 2365 1034 2407 ὃς]
1053 2366 1086 2398 ὅς
1101 2364 1133 2406 ’γ’
1151 2364 1183 2395 Α
1290 2375 1330 2405 27
1356 2365 1519 2407 προωρίσω

1541 523 1557 554 5

1543 851 1581 873 10

1543 1189 1580 1221 15

1543 1590 1581 1612 20

1542 1929 1579 1960 ²5
