1685 2772
68 146 184 201 [885]

146 271 185 297 12

146 1001 187 1037 13

61 1376 184 1433 [886]

142 1482 183 1516 14

141 1950 180 1986 15

643 146 1136 186 ΔΗΜΟΣΘΕΝΟὙΣ
1416 140 1554 196 [xxxn

217 256 343 298 οὗτος·
394 257 453 297 ὁδὶ
478 255 510 297 δ’
545 256 719 308 ἅσμενος
748 257 927 297 δέδεκται
959 259 1091 296 ταῦτα.
1151 255 1202 297 ὡς
1232 256 1307 307 γὰρ
1344 254 1555 307 διήμαρτεν

216 327 285 364 τοῦ
308 325 574 376 διαφθαρῆναι
592 327 635 363 τὸ
661 328 819 370 πλοῖον,
848 324 917 364 οὐκ
943 323 1048 376 ἔχων
1075 323 1287 363 ἀποδοῦναι
1301 324 1349 362 τὰ
1373 321 1556 375 χρήματα

215 394 299 433 τοῖς
328 392 561 432 δανείσασιν
590 389 689 443 (πῶς
716 391 812 444 γάρ;
853 390 878 430 ἃ
902 390 939 443 γ’
957 389 1004 441 ἐξ
1025 391 1151 443 ἀρχῆς
1175 389 1226 441 μὴ
1254 387 1423 440 ἐνέθετο)
1447 390 1553 430 ἀντι-

216 461 385 498 ποιεῖται
404 462 482 498 τῶν
507 458 721 510 ἡμετέρων,
755 459 820 498 καί
844 463 948 511 φησι
973 460 1025 511 τῷ
1053 456 1313 511 ζΗγεστράτῳ
1346 457 1408 497 ἐπὶ
1433 458 1555 512 τούτῳ

215 528 268 580 τῷ
295 525 392 580 σίτῳ
420 525 685 566 δεδανεικέναι
727 526 773 566 ὃν
811 526 831 565 ὁ
869 524 959 576 παρ’
992 524 1103 575 ἡμῶν
1140 523 1339 564 ἐπιπλέων
1376 524 1551 576 ἐπρίατο.

216 593 253 632 οῖ
279 594 320 632 δὲ
345 593 547 633 δανεισταὶ
573 593 617 632 τὸ
643 591 689 643 ἐξ
711 594 839 646 ἀρχῆς
879 590 1182 642 ἐξηπατημένοι,
1212 592 1376 640 ὁρῶντες
1402 592 1554 632 ἑαυτοῖς

215 659 303 699 ἀντὶ
332 663 410 699 τῶν
447 658 658 712 χρημάτων
693 659 905 711 ἄνθρωπον
944 658 1116 710 πονηρὸν
1152 656 1344 711 χρήστην,
1384 656 1486 698 ἄλλο
1518 657 1552 698 δ’

215 724 341 772 οὐδέν,
365 726 493 766 ἐλπίδ’
520 727 680 779 ἔχοντες
704 726 780 767 ὑπὸ
805 727 944 766 τούτου
971 724 1353 778 παρακρουσθέντων
1377 725 1485 775 ὑμῶν
1510 726 1552 765 ἐκ

216 795 293 833 τῶν
328 792 527 845 ἡμετέρων
555 792 843 846 ἀπολήψεσθαι
880 794 929 833 τὰ
969 795 1130 839 ἑαυτῶν,
1157 791 1202 833 ὃν
1233 793 1373 832 ἴσασιν
1402 792 1549 844 ψευδό-

1575 536 1592 567 5

215 876 336 910 μενον
359 863 481 899 ταῦτα
507 859 591 900 καθ’
624 860 744 910 ἡμῶν,
779 861 902 915 τούτῳ
945 863 1144 901 συνδικεῖν
1174 858 1461 912 ἀναγκάζονται
1485 862 1554 899 τοῦ
1575 874 1612 896 10

218 926 493 979 συμφέροντος
519 928 648 968 εἵνεκα
671 930 739 967 τοῦ
764 929 923 968 ἑαυτῶν.

283 996 341 1033 Τὸ
360 995 432 1044 μὲν
457 994 524 1034 οὖν
549 994 695 1046 πρᾶγμ’
721 995 820 1046 ὑπὲρ
841 994 885 1034 οὗ
910 993 982 1045 τὴν
1006 996 1150 1047 ψῆφον
1177 995 1322 1040 οἴσετε,
1351 993 1402 1035 ὡς
1427 994 1551 1035 εἰπεῖν

217 1060 261 1100 ἐν
287 1062 503 1115 κεφαλαίῳ,
531 1061 709 1101 τοιοῦτόν
743 1063 865 1102 ἐστιν.
927 1061 1128 1112 βούλομαι
1165 1063 1207 1102 δὲ
1240 1060 1330 1103 τοὺς
1354 1060 1551 1113 μάρτυρας

215 1127 270 1168 ὧν
304 1127 411 1180 λέγω
445 1131 601 1180 πρῶτον
631 1129 720 1179 ὑμῖν
754 1129 1076 1182 παρασχόμενος,
1105 1130 1204 1179 μετὰ
1240 1127 1347 1168 ταῦτ’
1383 1128 1455 1179 ἤδη
1488 1129 1549 1169 καὶ

214 1194 345 1235 τᾶλλα
371 1194 586 1236 διδάσκειν.
649 1196 714 1236 καί
735 1213 801 1247 μοι
825 1195 920 1249 λέγε
945 1197 1015 1238 τὰς
1040 1196 1263 1248 μαρτυρίας.

773 1389 1000 1417 MAPT‘rPIAl.

282 1467 444 1519 Ἐπειδὴ
475 1469 606 1510 τοίνυν
643 1470 809 1522 ἀφίκετο
847 1473 959 1522 δεῦρο
995 1470 1040 1511 τὸ
1076 1474 1231 1518 πλοῖον,
1259 1472 1436 1524 γνόντων
1471 1473 1548 1512 τῶν

215 1535 494 1587 Κεφαλλήνων
541 1535 873 1589 ἀντιπράττοντος
917 1538 1069 1585 τούτου,
1115 1540 1206 1579 ὅθεν
1245 1537 1463 1589 ἐξέπλευσε
1501 1537 1546 1578 τὸ

212 1606 365 1649 πλοῖον,
394 1604 560 1643 ἐνταῦθα
580 1604 642 1644 καὶ
669 1608 886 1645 καταπλεῖν
905 1605 1013 1651 αὐτό,
1032 1604 1104 1655 τὴν
1129 1607 1202 1656 μὲν
1228 1608 1322 1646 ναῦν
1347 1606 1384 1645 οἱ
1409 1605 1474 1645 ἐπὶ
1499 1610 1546 1662 τῇ

212 1668 276 1720 νηὶ
301 1671 567 1712 δεδανεικότες
593 1669 741 1711 ἐνθένδ’
769 1670 911 1712 εὐθέως
946 1671 1070 1726 εἶχον,
1098 1672 1167 1712 τὸν
1197 1675 1238 1713 δὲ
1265 1675 1379 1712 σῖτον
1404 1672 1424 1711 ὁ
1448 1670 1543 1724 ἠγο-

210 1737 338 1788 ρακὼς
363 1736 484 1790 εἶχεν·
521 1737 568 1787 ἧν
594 1737 627 1777 δ’
653 1737 764 1780 οὗτος
781 1739 801 1777 ὁ
825 1738 918 1789 ἡμῖν
934 1740 982 1779 τὰ
1007 1738 1173 1792 χρήματ’
1197 1740 1387 1792 ὀφείλων.
1445 1740 1543 1789 μετὰ

211 1803 319 1843 ταῦθ’
338 1803 431 1854 ἧκεν
451 1804 562 1846 οὗτος
579 1805 682 1858 ἔχων
701 1804 769 1846 τὸν
789 1805 880 1857 παρ’
899 1806 1009 1857 ἡμῶν
1025 1806 1259 1859 πεμφθέντα
1274 1805 1541 1858 πρεσβευτήν,

211 1870 280 1911 τὸν
306 1870 622 1925 Ἀριστοφῶντα,
665 1873 728 1913 καὶ
775 1872 1032 1925 ἠμφεσβήτει
1080 1878 1149 1914 τοῦ
1197 1875 1323 1920 σίτου,
1373 1872 1542 1926 φάσκων

212 1937 472 1993 (Ηγεστράτῳ
509 1939 787 1980 δεδανεικέναι.
850 1939 917 1980 ίτί
932 1940 1076 1993 λέγεις,
1099 1943 1300 1993 ἄνθρωπε,·
1318 1941 1328 1955 ’
1354 1940 1497 1983 εὐθέως
1522 1942 1542 1980 ὁ

213 2007 377 2057 Πρῶτος
400 2004 528 2056 (τοῦτο
561 2009 636 2059 γὰρ
674 2006 720 2057 ἦν
744 2007 915 2057 τοῦνομα
939 2011 992 2062 τῷ
1027 2007 1096 2048 τὸν
1122 2012 1236 2048 σῖτον
1271 2008 1539 2061 εἰσαγαγόντι,

211 2075 264 2126 τῷ
311 2074 360 2112 τὰ
402 2073 574 2126 χρήμαθ’
616 2074 708 2124 ἡμῖν
750 2072 972 2126 ὀφείλοντι)
1015 2076 1025 2090 ‘
1042 2074 1093 2115 σὺ
1141 2073 1323 2128 χρήματα
1371 2074 1541 2117 δέδωκας

1572 1208 1609 1240 Ι5

1566 1689 1606 1710 20

1562 2026 1599 2056 25

211 2137 485 2195 Ἡγεστράτῳ,
512 2140 598 2192 μεθ’
626 2140 670 2180 οὗ
703 2141 793 2181 τοὺς
818 2140 967 2182 ἄλλους
993 2139 1252 2191 ἐξηπάτηκας,
1280 2142 1386 2183 ὅπως
1411 2143 1538 2183 δανεί-
1587 2194 1589 2196 ¹

252 2259 272 2288 3
295 2250 328 2290 γ’
347 2260 412 2282 om.
434 2250 457 2281 S
590 2251 611 2280 6
634 2249 830 2288 ἠπατημένοι
849 2249 1019 2289 Harpocr.
1037 2260 1062 2281 S.
1076 2260 1106 2280 v.
1127 2250 1276 2291 χρήστης
1412 2261 1429 2290 7
1456 2253 1540 2284 ἄλλο

209 2293 236 2325 δ’
257 2293 348 2325 οὐδέν
367 2293 448 2324 SA:
476 2293 552 2325 ἀλλ’
571 2292 635 2325 οὐδ’
655 2293 679 2323 F
693 2292 723 2332 Q
736 2293 766 2323 D
921 2294 941 2323 8
967 2294 1100 2326 ἐλπίδας
1117 2294 1148 2324 Α
1299 2303 1334 2324 ῐΙ
1363 2294 1455 2327 ἕνεκα
1473 2294 1540 2326 SA

212 2346 251 2375 14
274 2338 335 2375 ἤδη
350 2336 373 2367 S
389 2338 457 2376 (me
470 2338 570 2375 teste)
587 2336 640 2367 A:
664 2338 702 2375 δὴ
715 2336 804 2375 vulg.
885 2347 928 2367 20
952 2337 1061 2369 ἐνθάδε
1080 2336 1147 2376 FQ
1163 2336 1193 2366 D
1269 2347 1309 2367 22
1332 2340 1540 2378 πρεσβευτὴν

209 2380 397 2420 πεμφθέντα
415 2380 439 2410 F
451 2379 481 2419 Q
496 2380 525 2410 D
629 2390 670 2419 23
694 2381 751 2412 τὸν
768 2390 832 2411 om.
853 2380 883 2410 Α
981 2382 1189 2422 ἠμφεσβήτει
1207 2379 1245 2411 Sl
1262 2381 1310 2412 D:
1336 2382 1538 2423 ἡμφισβήτει

210 2424 297 2463 vulg.
401 2434 440 2461 24
466 2429 542 2454 ante
560 2427 576 2455 ὁ
593 2427 720 2465 Πρῶτος
738 2425 813 2455 add.
833 2427 848 2455 ὁ
867 2426 1025 2465 ἅνθρωπος
1042 2424 1142 2463 vulg..
1165 2424 1203 2455 cs.
1225 2427 1240 2462 ξ
1260 2434 1300 2463 25
1316 2438 1320 2456 :
1346 2435 1409 2456 om.
1430 2425 1495 2456 SA
