1685 2772
76 81 190 136 [933]
638 86 1155 141 [ΔΗΜΟΣΘΕΝΟΎΣ]
1426 86 1557 141 [xxxv

226 203 395 254 στάμνοι
430 202 692 253 ἐξεστηκότος
727 204 848 248 οἴνου,
884 201 946 241 καὶ
978 201 1022 241 τὸ
1057 201 1218 255 τάριχος
1255 203 1447 258 ἀνθρώπῳ
1484 203 1560 244 τινὶ

227 274 388 325 γεωργῷ
430 270 710 321 παρεκομίζετο
751 271 794 309 ἐν
831 272 884 323 τῷ
920 270 1047 322 πλοίῳ
1090 270 1130 308 ἐκ
1170 271 1470 310 Παντικαπαίου
1507 271 1560 312 εἷς

228 338 454 377 Θεοδοσίαν
478 341 559 378 τοῖς
586 335 768 388 ἐργάταις
794 340 875 377 τοῖς
905 336 994 388 περὶ
1030 335 1102 385 τὴν
1138 337 1336 388 γεωργίαν
1371 340 1557 390 χρῆσθαι.

73 451 85 465 Γ
226 405 267 445 τί
287 405 355 444 οῦν
380 404 522 445 ταύτας
547 405 617 444 τὲις
637 403 863 455 προφάσεις
881 402 1089 454 λέγουσιν;
1126 403 1239 443 οὐδὲν
1259 405 1334 456 γὰρ
1354 403 1557 456 προσήκει.

74 449 196 549 ι93ἒ]
227 472 293 511 καί
313 488 380 521 μοι
398 473 505 521 λαβὲ
530 470 601 520 τὴν
625 471 855 522 μαρτυρίαν,
877 474 1031 522 πρῶτον
1055 472 1128 520 μὲν
1153 470 1224 520 τὴν
1244 470 1557 517 Ἀπολλωνίδου,
1579 489 1597 522 5

179 527 197 548 ³

1511 538 1560 552 'm’

225 539 287 578 ὅτι
311 537 572 590 Ἀντίπατρος
596 536 643 587 ἦν
668 538 688 576 ὁ
713 539 900 578 δανείσας
921 537 984 576 ἐπὶ
1008 538 1053 592 n}
1074 537 1212 592 πλοίῳ,
1238 538 1391 580 τούτοις
1421 538 1454 578 δ’
1480 552 1547 578 ovo

227 606 355 645 ὁτιοῦν
381 603 572 657 προσήκει
599 607 666 654 τῆς
694 604 894 656 ναυαγίας,
923 604 1058 644 ἔπειτα
1086 604 1157 654 τὴν
1183 604 1469 656 Ἐρασικλέους
1499 606 1561 646 καὶ

225 672 297 722 τὴν
321 672 491 718 Ἱππίου,
521 673 582 712 ὅτι
605 670 848 724 ὀγδοήκοντα
872 672 994 723 μόνον
1027 671 1191 724 κεράμια
1215 671 1415 725 παρήγετο
1442 673 1484 713 ἐν
1507 677 1560 715 τῶ

225 739 363 794 πλοίῳ.

784 862 1012 890 ΜΑΡΤῪΡῙΑῙ.
1586 869 1624 890 10

282 930 562 979 Ἀπολλωνίδης
600 930 921 980 Ἀλικαρνασσεὺς
958 931 1137 979 μαρτυρεῖ
1173 929 1304 969 εἰδέναι
1343 930 1564 970 δανείσαντα

229 983 483 1033 Ἀντίπατρον,
510 985 639 1022 Κιτιέα
658 985 700 1022 τὸ
719 984 836 1036 γένος,
855 984 1029 1034 χρήματα
1048 985 1245 1036 Ὑβλησίῳ
1267 987 1315 1026 εἷς
1334 986 1398 1024 τὸν
1419 987 1565 1025 Πόντον

232 1040 291 1077 ἐπὶ
319 1040 366 1090 τῇ
390 1039 449 1088 νηὶ
473 1037 519 1087 ἢν
539 1039 751 1087 “Υβλήσιος
781 1039 1005 1087 ἐναυκλήρει,
1034 1039 1094 1076 καὶ
1122 1042 1171 1089 τῷ
1199 1040 1322 1091 ναύλῳ
1347 1043 1396 1091 τῷ
1424 1042 1472 1080 εἷς
1500 1042 1564 1079 τὸν

231 1094 388 1131 Πόντον·
411 1096 592 1131 κοινωνεῖν
613 1093 651 1130 δὲ
672 1094 731 1130 καὶ
752 1094 863 1131 αὑτὸν
882 1095 947 1141 τῆς
966 1094 1052 1133 νεὼς
1071 1093 1282 1145 Ὑβλησίῳ,
1301 1095 1361 1132 καὶ
1375 1097 1564 1144 συμπλεῖν

232 1150 360 1186 ἑαυτοῦ
381 1149 522 1187 οἰκέτας
543 1150 580 1185 ἐν
599 1148 646 1198 τῇ
666 1148 736 1195 νηί,
762 1148 822 1185 καὶ
842 1147 903 1185 ὅτε
927 1147 1109 1196 διεφθάρη
1129 1148 1152 1196 ἡ
1173 1150 1270 1196 ναῦς,
1293 1151 1461 1198 παρεῖναι
1479 1150 1564 1190 τοὺς
1585 1165 1623 1199 15

231 1203 372 1243 οἰκέτας
396 1203 479 1242 τοὺς
500 1204 628 1240 ἑαυτοῦ
655 1203 716 1239 καὶ
743 1202 998 1253 ἀπαγγέλλειν
1025 1204 1152 1253 ἑαυτῷ,
1175 1203 1234 1240 καὶ
1258 1202 1314 1241 ὅτι
1330 1204 1353 1251 ἡ
1373 1206 1458 1244 ναῦς
1478 1205 1563 1253 κενὴ

230 1257 412 1306 διεφθάρη
432 1257 704 1306 παραπλέουσα
724 1258 773 1296 εἷς
793 1256 998 1294 Θευδοσίαν
1018 1259 1057 1293 ἐκ
1079 1258 1368 1295 Παντικαπαίου.

156 1321 201 1354 34
284 1310 510 1361 Ἐρασικλῆς
535 1313 714 1361 μαρτυρεῖ
735 1313 926 1360 συμπλεῖν
943 1310 1141 1362 ἰΥβλησίῳ
1171 1312 1360 1361 κυβερνῶν
1383 1312 1451 1361 τὴν
1477 1316 1565 1351 ναῦν

231 1367 280 1405 εἷς
299 1366 362 1404 τὸν
383 1367 543 1413 Πόντον,
565 1366 625 1403 καὶ
645 1366 707 1404 ὅτε
725 1366 909 1415 παρέπλει
929 1366 952 1414 ἡ
972 1367 1058 1405 ναῦς
1079 1367 1127 1405 εἷς
1141 1366 1346 1405 Θευδοσίαν
1367 1370 1408 1404 ἐκ
1428 1371 1565 1405 Παντι-

231 1421 401 1468 καπαίου,
418 1420 547 1458 εἰδέναι
560 1421 666 1469 κενὴν
678 1421 745 1469 τὴν
758 1422 844 1458 ναῦν
863 1420 1168 1469 παραπλέουσαν,
1193 1420 1252 1457 καὶ
1272 1419 1564 1471 Ἀπολλοδώρου
1585 1436 1625 1458 20

232 1476 343 1513 αὐτοῦ
362 1477 427 1513 τοῦ
454 1476 658 1526 φεύγοντος
684 1475 760 1512 νυνὶ
783 1475 850 1524 τὴν
877 1475 980 1523 δίκην
999 1475 1052 1524 μὴ
1073 1474 1162 1513 εἶναι
1183 1475 1281 1512 οἶνον
1302 1478 1339 1513 ἐν
1358 1480 1408 1527 τῷ
1428 1477 1559 1528 πλοίῳ,

232 1531 334 1567 ἀλλὰ
353 1530 589 1581 παράγεσθαι
608 1532 680 1568 τῶν
701 1533 740 1567 ἐκ
760 1529 963 1569 Θευδοσίας
982 1530 1053 1567 τινὶ
1073 1529 1172 1568 οἴνου
1194 1533 1286 1581 Κῷα
1306 1531 1461 1580 κεράμια
1479 1531 1564 1580 περὶ

233 1584 467 1636 ὀγδοήκοντα.

286 1638 431 1678 Ἱππίας
447 1637 678 1686 Ἀθηνίππου
692 1639 1012 1687 “Αλικαρνασσεὺς
1025 1641 1203 1688 μαρτυρεῖ
1213 1642 1400 1688 συμπλεῖν
1424 1640 1563 1689 “Υβλη-

233 1694 302 1744 σίῳ
323 1693 497 1730 διοπεύων
525 1693 593 1742 τὴν
616 1695 712 1738 ναῦν,
742 1693 801 1730 καὶ
826 1693 886 1731 ὅτε
913 1694 1094 1742 παρέπλει
1122 1695 1144 1743 ἡ
1167 1697 1252 1733 ναῦς
1282 1697 1331 1734 εἷς
1359 1695 1565 1733 Θευδοσίαν
1587 1708 1625 1740 25

233 1751 272 1785 ἐκ
304 1747 593 1791 Παντικαπαίου,
627 1747 799 1785 ἐνθέσθαι
830 1747 1119 1797 Ἀπολλόδωρον
1152 1751 1201 1788 εἷς
1239 1749 1305 1797 τὴν
1338 1752 1426 1787 ναῦν
1463 1750 1566 1798 ἐρίων

235 1804 384 1853 ἀγγεῖον
421 1802 457 1840 ἓν
490 1800 513 1850 ἦ
547 1802 609 1839 δύο
643 1802 702 1839 καὶ
732 1803 904 1853 ταρίχους
938 1804 1092 1852 κεράμια
1123 1803 1247 1841 ἕνδεκα
1278 1802 1301 1852 ἦ
1336 1803 1473 1842 δώδεκα
1505 1804 1566 1842 καὶ

235 1855 382 1905 δέρματ’
402 1856 532 1907 αἴγεια,
555 1856 618 1894 δύο
639 1856 778 1905 δέσμας
798 1856 821 1905 ἢ
842 1859 949 1906 τρεῖς,
973 1859 1070 1895 ἄλλο
1091 1857 1121 1896 δ’
1141 1858 1254 1896 οὐδέν.

291 1910 392 1959 Πρὸς
406 1909 533 1948 τούσδ’
548 1912 853 1959 ἐξεμαρτύρησεν·
873 1913 1089 1961 Εὐφίλητος
1105 1912 1323 1961 Δαμοτίμου
1335 1911 1564 1961 Ἀφιδναῖος,

235 1965 381 2004 Ἱππίας
400 1965 600 2015 Τιμοξένου
620 1965 864 2015 Θυμαιτάδης,
885 1967 1104 2015 Σώστρατος
1116 1967 1306 2004 Φιλίππου
1319 1967 1566 2012 Ἑστιαιόθεν,
1587 1984 1628 2014 30

284 2078 344 2098 1-2
368 2069 428 2100 τινὶ
444 2072 578 2109 ’γεωργῷ
595 2079 661 2098 om.
680 2067 711 2098 A
841 2069 862 2100 6
887 2070 937 2101 ἐπὶ
951 2074 997 2111 τῷ
1013 2070 1116 2111 πλοίῳ
1133 2080 1197 2100 om.
1220 2070 1245 2100 F
1260 2070 1300 2110 D,
1321 2070 1353 2101 in
1370 2084 1422 2112 γρ.
1440 2071 1513 2102 hab.
1537 2071 1567 2110 Q

239 2112 259 2141 8
282 2111 380 2151 μόνον
397 2112 420 2142 S
436 2123 442 2142 :
467 2112 547 2151 μόνα
562 2112 649 2150 vulg.
666 2114 759 2151 (post
770 2112 903 2153 κεράμια
914 2113 960 2152 Α)
1055 2123 1092 2143 10
1117 2119 1317 2146 ΜΑΡΤΎῬΙΑ
1337 2114 1368 2144 Α
1440 2124 1475 2144 11
1494 2125 1566 2154 sqq.

239 2154 429 2184 testimonia
446 2165 509 2184 om.
530 2155 554 2185 S
702 2166 739 2194 14
765 2157 860 2188 αὑτὸν
877 2157 1007 2196 scripsi,
1022 2157 1061 2188 cf.
1079 2159 1093 2194 ξ
1113 2169 1164 2196 44,
1181 2158 1228 2187 lix
1244 2159 1282 2187 61
1302 2170 1308 2188 :
1334 2159 1431 2189 αὐτὸν
1446 2159 1564 2189 codd.:
1614 2169 1617 2171 ·

240 2199 332 2230 αὐτὸς
358 2198 453 2228 BlaSS
604 2201 642 2229 16
667 2199 758 2239 κενὴῙ
779 2200 883 2238 ἐκείνη
897 2200 927 2230 Α
1078 2211 1116 2239 19
1140 2201 1235 2240 prius
1253 2201 1313 2241 εἷς]
1331 2203 1392 2239 τὴν
1410 2203 1452 2233 εἰς
1471 2201 1567 2232 Blass

239 2251 278 2271 21
305 2243 368 2273 νυνὶ
386 2243 447 2279 τὴν
464 2242 509 2279 8.]
528 2242 590 2280 τὴν
607 2245 633 2273 δ.
655 2245 709 2274 νῦν
725 2242 756 2272 Α
947 2255 988 2273 22
1013 2246 1048 2275 ἐκ
1066 2244 1178 2284 vulg.:
1205 2247 1241 2276 ἐκ
1257 2248 1316 2283 τῆς
1333 2245 1364 2273 Α
1483 2247 1568 2276 οἴνου

241 2285 367 2315 Reiske
383 2296 390 2314 ζ
407 2285 580 2317 οἰκούντων
598 2287 692 2316 codd.
787 2296 827 2325 25
851 2288 1026 2319 διοπτεύων
1043 2289 1154 2325 codd.‚
1171 2288 1211 2318 cf.
1231 2291 1247 2326 §
1267 2299 1308 2319 20
1390 2298 1432 2327 29
1456 2288 1568 2320 τούσδ’

240 2328 265 2357 F
279 2328 308 2366 Q
323 2339 330 2358 :
348 2329 450 2360 τοῖσδ’
468 2329 498 2358 Α
569 2330 850 2372 ἐξεμαρτύρησεν]
861 2331 910 2361 sic
924 2331 1077 2361 distinxit
1093 2331 1227 2371 Drerup
1314 2341 1357 2370 30
1381 2331 1570 2363 Ἰστιαιόθεν

240 2372 351 2409 codd.‚
371 2372 410 2402 cf.
431 2374 446 2409 ξ
466 2383 508 2403 20
