1685 2772
83 110 201 165 [919]
651 115 1170 172 [ΔΗΜΟΣΘΕΝΟΎΣ]
1417 117 1568 172 [xxm

232 231 465 283 εὐδοξῶμεν,
507 236 771 285 συκοφαντεῖν
809 235 849 273 δὲ
886 232 1109 284 Φορμίωνα,
1143 233 1208 273 ἵνα
1241 232 1305 272 καὶ
1341 231 1412 282 τὴν
1444 232 1565 285 ὑπάρ-

230 316 385 352 χουσαν
411 301 624 340 ἐπιείκειαν
651 299 934 350 ἀποβάλωμεν.
989 300 1146 340 δικαίως
1164 298 1212 339 ἂν
1232 299 1300 339 οὖν
1319 298 1568 350 βοηθήσαιτε

230 366 335 417 ἡμῖν,
361 365 391 407 ὦ
417 366 555 419 ἄνδρες
580 367 773 407 δικασταί.
837 365 1020 416 ἐπέδειξα
1044 368 1118 419 γὰρ
1146 368 1237 417 ὑμῖν
1262 365 1342 406 οὔτ’
1368 368 1385 406 ἐ
1441 367 1566 420 ἀρχῆς

230 435 278 473 τὰ
304 435 449 486 φορτία
479 433 690 484 ἐνθέμενον
715 437 854 474 τοῦτον
881 435 935 475 εἷς
965 433 1037 484 τὴν
1062 437 1157 474 ναῦν
1186 433 1371 474 ἁπάντων
1397 434 1450 473 ὧν
1476 435 1562 473 ἐδα-

230 501 393 541 νείσατο
418 500 652 551 Ἀθήνηθεν,
679 505 757 541 τῶν
781 500 816 540 τ’
843 502 885 541 ἐν
909 504 963 556 τῷ
995 501 1188 555 Βοσπόρῳ
1218 500 1446 553 πραθέντων
1477 500 1598 549 τοὺςζ,

152 577 196 612 41
229 569 277 607 τὰ
320 568 539 619 ἑτερόπλοα
582 569 842 610 δανείσαντας
877 568 995 619 μόλις
1030 568 1284 614 διαλύσαντα,
1323 567 1381 608 ἔτι
1417 567 1449 607 δ’
1487 567 1566 607 οὔτ’

230 633 469 685 εὐποροῦντα
495 634 576 674 οὔθ’
603 636 725 676 οὕτως
757 634 838 675 ὅντ’
868 633 1089 686 ἀβέλτερον
1114 634 1210 674 ὥστ’
1235 635 1322 674 ἀντὶ
1354 635 1567 687 δισχιλίων

231 700 294 740 καὶ
319 700 537 751 ἑξακοσίων
557 704 743 755 δραχμῶν
763 701 973 753 τριάκοντα
997 703 1096 752 μνᾶς
1115 702 1179 741 καὶ
1204 700 1318 742 ἐννέα
1337 702 1565 747 ἀποδοῦναι,

229 768 326 819 πρός
351 785 394 808 τε
418 768 581 814 τούτοις,
610 769 675 808 ὅτε
705 769 923 810 ἀποδοῦναί
952 773 1079 820 φησιν
1103 768 1148 809 τὸ
1178 769 1345 822 χρυσίον
1374 771 1427 822 τῷ
1455 767 1565 819 Λάμ-

230 837 324 880 πιδι,
370 835 459 875 οὔτε
500 835 569 876 τὸν
614 839 736 877 παῖδα
779 835 1069 887 παραλαβόντα
1115 835 1183 875 τὸν
1227 835 1322 886 ἐμὸν
1363 835 1452 875 οὔτε
1499 834 1567 875 τὸν
1590 853 1628 874 10

231 901 418 942 κοινωνὸν
445 897 712 953 ἐπιδημοῦντα
746 904 789 943 ἐν
821 902 1029 956 Βοσπόρῳ.
1093 903 1179 954 ἐμοὶ
1203 905 1245 943 δὲ
1268 901 1426 953 Λάμπις
1451 901 1567 944 αὐτὸς

229 972 435 1021 μαρτυρῶν
460 970 644 1022 φαίνεται
670 969 721 1011 ὡς
754 969 823 1009 οὐκ
850 970 1074 1021 ἀπείληφεν
1099 969 1144 1009 τὸ
1168 970 1348 1022 χρυσίον,
1375 969 1466 1021 πρὶν
1490 969 1567 1009 ’ὑπὸ

154 1046 198 1079 42
230 1036 367 1076 τούτου
414 1039 691 1088 διαφθαρῆναι.
771 1038 896 1077 καίτοι
945 1038 978 1076 εἰ
1027 1035 1110 1076 καθ’
1148 1036 1190 1076 ἓν
1233 1037 1403 1077 ἕκαστον
1445 1037 1567 1078 οὕτως

231 1104 425 1143 ἐδείκνυεν
450 1105 651 1156 Φορμίων,
679 1103 747 1143 οὐκ
775 1103 846 1144 οἶδ’
873 1105 978 1145 ὅπως
1003 1103 1050 1143 ἂν
1076 1103 1210 1144 ἄλλως
1236 1103 1396 1154 ἄμεινον
1421 1103 1566 1143 ἀπελο-

228 1167 396 1221 γήσατο.
465 1171 564 1222 ὑπὲρ
588 1173 629 1210 δὲ
656 1174 724 1210 τοῦ
748 1170 819 1220 τὴν
847 1172 957 1220 δίκην
985 1171 1252 1223 εἰσαγώγιμον
1278 1170 1378 1210 εἶναι
1403 1171 1422 1209 ὁ
1447 1170 1567 1221 νόμος
1590 1186 1626 1218 15

228 1236 344 1278 αὐτὸς
369 1237 683 1289 διαμαρτύρεται,
708 1238 880 1277 κελεύων
904 1239 975 1279 τὰς
1000 1238 1108 1278 δίκας
1134 1237 1234 1277 εἶναι
1257 1239 1327 1278 τὰς
1353 1238 1566 1290 ἐμπορικὰς

227 1306 305 1343 τῶν
330 1306 593 1355 συμβολαίων
617 1308 696 1344 τῶν
718 1303 937 1354 Ἀθήνησιν
958 1305 1020 1344 καὶ
1047 1305 1103 1345 εἰς
1127 1303 1171 1343 τὸ
1197 1303 1418 1354 Ἀθηναίων
1443 1304 1564 1353 ἐμπό-

227 1386 324 1421 ριον,
347 1371 408 1410 καὶ
434 1372 479 1411 οὐ
502 1372 627 1421 μόνον
652 1374 731 1411 τῶν
751 1370 984 1422 Ἀθήνησιν,
1007 1372 1114 1411 ἀλλὰ
1140 1371 1203 1410 καὶ
1228 1372 1304 1410 ὅσα
1330 1370 1378 1410 ἂν
1404 1370 1567 1422 γένηται

228 1436 344 1477 ἕνεκα
367 1440 436 1477 τοῦ
460 1442 563 1478 πλοῦ
588 1442 657 1478 τοῦ
682 1437 886 1488 Ἀθήναζε.
957 1440 1064 1489 λαβὲ
1089 1436 1134 1488 δή
1159 1454 1226 1488 μοι
1252 1437 1341 1479 τοὺς
1366 1438 1520 1488 νόμους.

828 1591 974 1619 ΝΟΜΟῙ.
1587 1597 1626 1618 20

151 1689 196 1722 43
306 1664 373 1712 Ὠς
396 1672 469 1721 μὲν
488 1672 621 1712 τοίνυν
646 1671 789 1724 γεγονέ
811 1689 877 1721 μοι
903 1672 947 1712 τὸ
973 1673 1226 1723 συμβόλαιον
1245 1673 1341 1725 πρὸς
1365 1671 1565 1725 Φορμίων’

227 1736 457 1787 Ἀθήνησιν,
486 1737 566 1777 οὐδ’
597 1738 706 1778 αὐτοὶ
741 1738 900 1790 ἔξαρνοί
927 1741 1044 1786 εἰσιν,
1078 1739 1409 1792 παραγράφονται
1441 1742 1484 1780 δὲ
1513 1740 1565 1782 ὣς

227 1803 293 1843 οὐκ
320 1805 589 1856 εἰσαγώγιμον
615 1805 686 1855 τὴν
713 1807 824 1856 δίκην
850 1806 989 1847 οὖσαν.
1041 1806 1133 1846 ἀλλ’
1160 1808 1215 1848 εἷς
1239 1811 1352 1847 ποῖον
1377 1806 1563 1858 δικαστή-

69 1868 191 1923 [920]
224 1887 310 1921 ριον
337 1871 595 1922 εἰσέλθωμεν,
624 1872 762 1924 ἄνδρες
796 1874 992 1919 δικασταί,
1024 1874 1057 1913 εἰ
1085 1873 1138 1925 μὴ
1172 1873 1268 1926 πρὸς
1300 1875 1411 1924 ὑμᾶς,
1443 1874 1563 1926 οὗπερ

224 1940 268 1976 τὸ
308 1939 560 1988 συμβόλαιον
603 1939 893 1990 ἐποιησάμεθα;
947 1939 1076 1980 δεινὸν
1111 1942 1186 1993 γὰρ
1225 1940 1273 1980 ἂν
1309 1942 1381 1989 εἴη,
1421 1943 1454 1981 εἰ
1491 1943 1563 1992 μὲν
1586 1958 1622 1990 25

226 2003 340 2043 ἕνεκα
364 2008 431 2044 τοῦ
455 2009 559 2045 πλοῦ
585 2010 653 2046 τοῦ
679 2005 872 2056 Ἀθήναζε
897 2007 1124 2058 ἠδικούμην,
1153 2007 1251 2048 εἶναι
1276 2006 1358 2058 (ch)
1381 2025 1448 2058 μοι
1473 2006 1563 2059 παρ’

225 2071 315 2120 ὑμῖν
340 2074 384 2110 τὸ
410 2073 560 2112 δίκαιον
587 2077 734 2123 λαβεῖν
759 2075 863 2123 παρὰ
893 2075 1138 2126 Φορμίωνος,
1166 2074 1299 2124 ἐπειδὴ
1329 2076 1370 2114 δὲ
1395 2074 1440 2114 τὸ
1466 2091 1562 2125 συμ-

273 2190 285 2210 1
314 2183 488 2221 εὐδοξῶμεν
509 2181 593 2212 SA:
621 2182 714 2223 δόξαν
732 2183 858 2223 ἔχωμεν
876 2185 963 2223 vulg.
1036 2186 1086 2216 καὶ
1104 2196 1168 2216 om.
1189 2185 1214 2214 F
1228 2184 1256 2223 Q
1273 2185 1301 2214 D
1400 2196 1419 2215 2
1443 2186 1559 2223 βοηθή·
1606 2172 1609 2175 ι

227 2235 304 2255 σετε
323 2224 346 2254 S
363 2235 369 2254 Ζ
395 2225 582 2263 βοηθήσητε
601 2225 632 2255 Α
733 2237 752 2265 5
777 2230 824 2267 τῷ
841 2237 904 2257 om.
928 2239 942 2257 Γ
963 2227 989 2257 D
1099 2239 1115 2266 7
1141 2227 1206 2259 οὐδ’
1223 2231 1322 2261 οὕτως
1342 2228 1371 2258 D
1478 2239 1499 2267 9
1522 2242 1559 2260 τε

227 2267 323 2297 codd.
340 2278 346 2298 :
373 2267 408 2298 δὲ
434 2268 524 2297 Fuhr
615 2270 669 2300 ὅτε
693 2269 741 2300 A:
767 2272 815 2302 ὅτι
834 2270 899 2309 FQ
914 2271 964 2301 D:
992 2273 1065 2302 οὔτε
1092 2272 1115 2301 S
1205 2275 1250 2311 τῷ
1268 2271 1356 2302 SA:
1380 2282 1444 2303 om.
1467 2271 1556 2310 vulg.

230 2320 267 2340 12
290 2313 459 2351 μαρτυρῶν
472 2322 535 2342 om.
557 2312 580 2342 S
680 2322 718 2351 19
743 2315 781 2351 δή
799 2324 863 2344 om.
883 2314 915 2343 Α
1013 2325 1054 2344 22
1079 2316 1119 2347 ὣς
1135 2325 1201 2346 om.
1222 2314 1247 2344 F
1261 2314 1290 2353 Q
1305 2315 1334 2344 D
1433 2325 1474 2353 23
1499 2316 1560 2353 τὴν

227 2354 318 2391 δίκην
337 2359 413 2393 post
432 2354 465 2386 δὲ
486 2355 520 2385 11.
541 2358 593 2389 22‘,
618 2355 684 2394 FQ
699 2357 747 2387 D:
773 2362 850 2397 post
868 2358 965 2389 οὖσαν
983 2357 1012 2387 Α
1211 2369 1251 2397 24
1277 2359 1385 2399 ἄνδρες
1405 2358 1427 2388 S
1441 2358 1472 2388 A
1489 2359 1559 2397 (me

227 2397 331 2437 teste)
354 2397 405 2427 D:
429 2398 452 2429 ὦ
473 2400 582 2439 ἄνδρες
602 2400 690 2438 vulg.
827 2402 868 2431 26
892 2401 1065 2441 ἠδικούμην
1082 2416 1112 2433 τι
1130 2401 1202 2431 AD
1289 2404 1325 2434 ἄν
1341 2402 1416 2433 add,
1438 2401 1538 2432 BlaSS
