1685 2772
695 538 948 579 XXXVIII

204 658 580 700 ΠΑΡΑΓΡΑΦΗ
641 653 802 699 ΠΡΟΣ
862 653 1282 701 ΝΑΤΣΙΜΑΧΟΝ
1344 658 1451 699 ΚΑΙ

617 729 1036 777 ΞΕΝΟΠΕΙΘΗΝ

714 853 933 882 ΎΠΟΘΕΣΙΣ-

216 918 465 969 Ναυσίμαχος
479 918 539 955 καὶ
556 917 778 966 Ξενοπείθης
792 916 1154 966 ἐπετροπεύθησαν
1138 916 1197 954 υπ’
1211 916 1493 969 Ἀρισταίχμου,

163 973 410 1024 ἐγγραφέντες
441 971 470 1010 δ’
499 974 548 1012 εἷς
582 972 715 1022 ἄνδρας
747 973 886 1022 ἔλαχον
921 971 1026 1020 δίκην
1057 974 1256 1021 ἐπιτροπῆς
1284 974 1390 1024 αὐτῷ,
1418 972 1495 1010 εἶτα

164 1028 383 1065 διελύσαντο
421 1027 607 1076 λαβόντες
644 1027 727 1076 τρία
765 1027 943 1070 τάλαντα,
988 1026 1047 1063 καὶ
1087 1028 1239 1074 ἀφῆκαν
1277 1027 1388 1065 αὐτὸν
1424 1029 1496 1065 τῶν

164 1083 415 1133 ἐγκλημάτων.
476 1082 535 1119 καὶ
556 1082 575 1118 ὁ
593 1082 663 1130 μὲν
681 1081 918 1129 τετελεύτηκε
933 1082 1146 1118 καταλιπὼν
1161 1081 1293 1120 παῖδας
1307 1081 1495 1131 τέτταρας,

124 1148 142 1180 5
163 1137 304 1175 τούτοις
332 1135 371 1173 δὲ
403 1136 497 1184 μετὰ
525 1135 659 1186 χρόνον
688 1135 827 1186 συχνὸν
858 1136 877 1172 ὃ
908 1135 1157 1185 Ναυσίμαχος
1187 1136 1246 1172 καὶ
1276 1136 1496 1184 Ξενοπείθης

163 1190 369 1236 δικάζονται
395 1190 562 1238 βλάβης,
585 1188 744 1240 χρήματ’
771 1191 1013 1229 ἀπαιτοῦντες
1041 1191 1079 1226 ἐκ
1105 1191 1170 1237 τῆς
1196 1192 1404 1239 ἐπιτροπῆς.
1463 1191 1497 1227 οἱ

163 1244 201 1282 δὲ
220 1244 539 1295 παραγράφονται,
560 1243 845 1292 παρατιθέμενοι
866 1243 931 1281 τὸν
957 1243 1070 1292 νόμον
1090 1244 1154 1281 τὸν
1178 1245 1243 1281 οὐκ
1266 1247 1390 1293 ἐῶντα,
1413 1245 1498 1294 περὶ

164 1298 212 1336 ὧν
231 1300 275 1336 ἅν
294 1315 348 1338 τις
369 1298 504 1346 ἄφεσιν
525 1298 574 1348 δῷ
595 1298 655 1335 καὶ
675 1298 914 1349 ἀπαλλαγήν,
937 1299 1053 1336 πάλιν
1074 1298 1297 1344 δικάζεσθαι.

233 1403 487 1449 Δεδωκότων,
515 1401 544 1443 ὦ
577 1402 714 1455 ἄνδρες
747 1404 941 1450 δικασταί,
969 1408 1045 1445 τῶν
1075 1405 1203 1456 νόμων
1229 1403 1494 1458 παραγράψα-

107 1491 145 1512 10
165 1474 259 1512 σθαι
282 1470 371 1523 περὶ
395 1471 451 1511 ὧν
475 1470 523 1510 ἄν
557 1487 615 1512 τις
639 1471 756 1522 ἀφεὶς
786 1471 849 1511 καὶ
873 1470 1109 1522 ἀπαλλάξας
1134 1471 1256 1512 πάλιν
1281 1471 1495 1522 δικάζηται,

165 1537 437 1591 γεγενημένων
461 1536 698 1590 ἀμφοτέρων
721 1537 871 1579 τούτων
894 1542 948 1593 τῷ
973 1539 1090 1591 πατρὶ
1108 1539 1204 1591 πρὸς
1228 1540 1497 1592 Ναυσίμαχον

167 1606 228 1646 καὶ
250 1605 495 1655 Ξενοπείθην
519 1604 610 1647 τοὺς
635 1605 848 1659 εἰληχότας
862 1606 968 1657 ἡμῖν,
987 1605 1340 1658 παρεγραψάμεθα,
1359 1607 1495 1659 ὥσπερ
1526 1612 1645 1667 [985]

166 1673 352 1725 ἠκούσατ’
369 1674 523 1725 ἀρτίως,
545 1674 596 1725 μὴ
617 1673 889 1727 εἰσαγώγιμον
909 1672 1008 1713 εἶναι
1035 1673 1106 1723 τὴν
1126 1674 1248 1724 δίκην.
1303 1672 1497 1724 δεήσομαι
1529 1695 1550 1719 2

168 1743 209 1781 δὲ
235 1742 298 1781 καὶ
323 1742 453 1782 δίκαια
479 1741 541 1781 καὶ
555 1741 678 1793 μέτρι’
698 1743 806 1793 ὑμῶν
830 1739 1028 1788 ἁπάντων,
1047 1744 1201 1793 πρῶτον
1224 1742 1297 1792 μὲν
1318 1740 1499 1782 εὐνοϊκῶς

110 1826 146 1858 15
168 1808 338 1848 ἀκοῦσαί
371 1825 445 1858 μου
480 1807 681 1859 λέγοντος,
721 1808 802 1855 εἶτ’,
848 1809 917 1848 ἐὰν
954 1809 1174 1848 ἀδικεῖσθαι
1211 1811 1310 1848 ὃοκῶ
1349 1808 1412 1848 καὶ
1447 1806 1498 1859 μὴ

168 1873 438 1927 προσήκοντος
475 1874 721 1926 ἐγκλήματος
759 1876 924 1928 φεύγειν
955 1876 1078 1925 δίκην,
1118 1876 1324 1926 βοηθῆσαί
1350 1891 1418 1926 μοι
1452 1875 1501 1914 τὰ

170 1942 310 1982 δίκαια.
380 1940 401 1981 ὃ
425 1943 498 1992 μὲν
523 1943 598 1993 γὰρ
621 1942 731 1992 ὑμεῖς
754 1943 817 1983 ἐπὶ
844 1948 892 1999 τῇ
908 1943 994 1999 δίκῃ
1018 1941 1150 1993 τίμημ’
1171 1942 1374 1992 ἀκηκόατε,
1392 1940 1499 1993 τριά-

170 2025 289 2049 κοντα
313 2012 408 2059 μναῖ
431 2009 546 2054 εἰσιν,
574 2009 628 2048 ὧν
662 2011 704 2049 δὲ
737 2009 937 2061 φεύγομεν
980 2009 1206 2063 χρημάτων,
1233 2008 1399 2061 τέτταρα
1432 2005 1501 2047 τά-

170 2080 309 2115 λαντα.
381 2076 492 2116 ὄντες
517 2076 591 2126 γὰρ
618 2075 685 2114 δύο
720 2075 906 2127 τέτταρας
944 2075 1137 2130 εἰλήχασι
1164 2077 1271 2118 δίκας
1294 2076 1400 2126 ἡμῖν,
1426 2078 1505 2114 τῶν

214 2172 354 2204 Titulus.
372 2173 563 2211 Ξενοπείθην
582 2172 752 2212 Harpocr.
772 2183 798 2204 S.
812 2184 845 2206 v.
863 2173 1050 2207 αἰδέσασθαι
1067 2187 1074 2206 z
1100 2176 1270 2213 Ξενοπείθη
1285 2175 1382 2206 codd.
1443 2172 1505 2204 Ar-

172 2221 371 2255 gumentum
388 2227 407 2246 a
426 2226 525 2246 manu
543 2216 665 2247 saeculi
685 2217 742 2246 xiv
759 2216 858 2248 habet
873 2217 897 2248 S
1013 2228 1033 2256 3
1059 2221 1156 2251 αὐτὸν
1170 2220 1282 2250 Wolf:
1308 2221 1391 2259 αὐτῷ
1408 2217 1505 2248 codd

173 2270 193 2296 4
217 2260 378 2301 τέσσαρας
398 2259 422 2290 5
569 2270 586 2298 7
610 2259 791 2301 γράφονται
809 2261 922 2292 codd.:
944 2271 1031 2292 corr.
1046 2262 1145 2292 Wolf
1285 2263 1305 2292 8
1331 2262 1507 2302 ἀπαλλαγῇ

175 2302 200 2332 F
214 2303 242 2332 D
389 2312 424 2333 11
452 2302 643 2343 ἆμφοτερων
659 2303 783 2335 τούτων
803 2304 879 2343 SA,
907 2304 947 2335 cf.
973 2305 1090 2334 xxxvii
1112 2315 1150 2335 1:
1175 2305 1300 2337 τούτων
1318 2306 1397 2346 ἀμφ.
1416 2304 1505 2343 VUlg-

177 2355 215 2383 14
238 2345 350 2385 μέτρια
374 2347 425 2378 καὶ
451 2347 556 2378 δίκαια
581 2346 647 2384 FQ
786 2357 824 2386 15
856 2346 924 2386 καὶ]
950 2348 970 2385 ἢ
997 2350 1046 2379 καὶ
1073 2348 1097 2379 S
1236 2350 1276 2378 16
1305 2361 1358 2388 μοι
1387 2357 1450 2378 om.
1482 2346 1507 2377 S

178 2390 216 2419 18
239 2392 318 2428 μναῖ
343 2390 425 2421 εἰσιν
451 2389 539 2421 SA:
574 2390 636 2421 εἶσὶ
665 2393 744 2430 μναῖ
766 2390 845 2429 FQ,
870 2390 911 2422 cf.
939 2390 1008 2421 xxii
1039 2402 1081 2430 44
1171 2392 1314 2434 τέτταρα
1343 2390 1506 2431 τάλαντα]

175 2431 418 2473 τετταράκοντα
431 2432 455 2463 5

1363 2490 1423 2520 11*
