1685 2772
131 130 252 186 xm]
550 136 712 173 ΠΡΟΣ
762 136 1021 174 ΑΦΟΒΟΝ
1492 138 1610 194 [858]

130 244 179 286 ἂν
204 245 327 297 δήπου
351 248 400 286 τὰ
423 247 496 296 μὲν
521 245 681 286 πλεῖστ’
707 245 839 287 αὐτοῖς
863 249 942 285 τῶν
967 244 1179 298 χρημάτων
1199 245 1457 298 ἐνεχείρισεν,

131 317 210 353 τῶν
235 312 268 352 δ’
293 313 361 353 οὐκ
386 312 434 352 ἂν
459 312 611 364 κυρίους
636 313 837 362 ἐποίησεν.
900 311 978 352 οὐδ’
1005 310 1053 351 ἂν
1077 317 1126 367 τῇ
1150 313 1222 363 μὲν
1245 312 1365 363 μητρί
1385 328 1461 362 μου

132 382 253 419 ταῦτα
277 379 493 432 φυλάττειν
522 379 760 431 παρέδωκεν,
786 378 908 429 αὐτὴν
933 380 975 418 δὲ
1005 378 1149 427 ταύτην
1183 379 1240 418 ἑνὶ
1272 382 1350 418 τῶν
1383 379 1461 418 ἐπι-

132 447 289 499 τρόπων
311 446 435 500 τούτῳ
460 445 610 498 γυναῖκ’
635 445 852 498 ἠγγύησεν·
892 446 936 485 οὐ
961 446 1036 497 γὰρ
1057 445 1141 498 ἔχει
1164 445 1301 497 λόγον,
1330 448 1461 499 σῷσαι

95 528 112 560 5
132 515 203 563 μὲν
227 514 274 552 τὰ
299 511 483 566 χρήματα
508 512 555 552 δι’
581 514 729 563 ἐκείνης
752 513 892 563 ζητεῖν,
915 512 985 552 ἕνα
1004 514 1046 552 δὲ
1066 515 1144 551 τῶν
1162 510 1462 562 ἀπιστουμένων

133 579 274 629 ταύτης
299 579 488 619 κάκείνων
514 579 645 631 κύριον
671 583 808 620 ποιεῖν.
894 580 953 620 ἔτι
984 581 1026 619 δὲ
1058 581 1208 624 τοῦτον,
1237 579 1273 618 εἴ
1305 595 1343 618 τι
1373 578 1461 618 τού-
1493 584 1538 625 48

133 662 211 686 των
243 646 387 696 ἀληθὲς
417 645 477 696 ἦν,
505 645 631 686 οἴεσθ’
655 646 723 686 οὐκ
757 645 805 686 ἂν
838 645 960 696 αὐτὴν
989 648 1136 696 λαβεῖν
1170 647 1356 685 δοθεῖσαν
1387 644 1463 685 ὑπὸ

133 716 201 752 τοῦ
236 712 400 764 πατρός,·
438 711 480 754 ὃς
512 712 582 762 τὴν
610 714 683 763 μὲν
712 711 840 765 προῖκ’
865 713 985 762 αὐτῆς
1016 711 1103 763 ἤδη,
1130 713 1199 753 τὰς
1224 711 1465 763 ὀγδοήκοντα

132 782 244 830 μνᾶς,
271 779 374 833 ἔχων
401 779 452 820 ὡς
478 779 574 835 αὐτῇ
605 779 867 830 συνοικήσων,
894 779 966 830 τὴν
992 780 1218 820 Φιλωνίδου
1241 782 1309 818 τοῦ
1336 781 1462 819 Μελι-

76 864 116 886 10
133 845 230 889 τέως
257 846 435 899 θυγατέρ’
459 846 605 898 ἔγημεν
633 846 680 887 δι’
706 845 1024 900 αἰσχροκέρδιαν,
1052 847 1118 887 ἵνα
1141 845 1238 898 πρὸς
1271 846 1332 887 αῖς
1357 845 1465 899 εἶχεν

135 913 225 966 παρ’
262 914 383 965 ἡμῶν,
424 913 558 966 ἑτέρας
596 914 840 967 ὀγδοήκοντα
874 917 974 966 μνᾶς
1009 913 1136 965 λάβοι
1172 912 1262 965 παρ’
1299 914 1462 953 ἐκείνου·

134 980 332 1033 τεττάρων
356 984 400 1023 δὲ
422 980 630 1023 ταλάντων
654 982 767 1022 ἔνδον
792 983 919 1023 ὄντων
944 981 1008 1022 καὶ
1036 980 1142 1022 ταῦτ’
1169 982 1320 1031 ἐκείνης
1346 980 1460 1034 ἐχού-

135 1065 222 1099 σης,
250 1049 301 1090 ὡς
324 1050 436 1091 οὗτός
460 1054 600 1101 φησιν,
628 1050 696 1090 οὐκ
721 1049 769 1089 ἂν
793 1048 948 1101 ἡγεῖσθ’
975 1048 1093 1089 αὐτὸν
1124 1047 1194 1088 κᾶν
1220 1049 1461 1099 ἐπιδραμεῖν,
1494 1053 1615 1108 [859]

135 1116 241 1156 ὥστε
266 1115 453 1168 γενέσθαι
478 1116 563 1167 μετ’
588 1117 741 1166 ἐκείνης
760 1116 887 1156 αὐτῶν
907 1115 1059 1168 κύριον,·
1097 1111 1119 1165 ἢ
1145 1115 1216 1165 τὴν
1241 1117 1313 1166 μὲν
1339 1120 1461 1167 φανε·
1494 1131 1539 1165 49

79 1198 116 1230 15
136 1184 209 1234 ρὰν
234 1183 387 1228 οὐσίαν,
416 1181 465 1233 ἢν
491 1183 553 1223 καὶ
579 1184 687 1233 ὑμῶν
711 1183 858 1223 πολλοὶ
884 1180 1109 1238 συνῄδεσαν
1128 1182 1188 1222 ὅτι
1207 1183 1462 1234 κατελείφθη,

136 1251 233 1300 μετὰ
265 1252 342 1289 τῶν
377 1250 676 1301 συνεπιτρόπων
711 1250 834 1291 οὕτως
867 1250 1043 1302 αἰσχρῶς
1077 1247 1307 1301 διήρπασεν,
1343 1249 1397 1289 ὧν
1434 1247 1466 1288 δ’

137 1315 206 1355 οὐκ
249 1315 430 1366 ἐμέλλεθ’
462 1317 570 1366 ὑμεῖς
609 1316 777 1356 ἔσεσθαι
814 1315 1017 1368 μάρτυρες,
1063 1314 1255 1368 ἀπέσχετ’
1292 1315 1340 1355 ἂν
1377 1312 1468 1364 ἐξὸν

138 1382 240 1437 αὐτῷ
272 1386 437 1433 λαβεῖν;
478 1383 539 1423 καὶ
568 1384 626 1425 τίς
658 1382 706 1423 ἂν
740 1383 1015 1429 πιστεύσειεν;
1055 1383 1122 1423 οὐκ
1160 1382 1248 1422 ἔστι
1278 1375 1399 1428 ταῦτ’,
1437 1379 1466 1421 ὦ

139 1448 276 1501 ἄνδρες
317 1451 509 1495 δικασταί,
541 1450 608 1490 οὐκ
647 1450 771 1490 ἔστιν·
811 1451 918 1490 ἀλλὰ
957 1450 1006 1489 τὰ
1045 1451 1117 1500 μὲν
1154 1448 1348 1502 χρήματα,
1388 1449 1467 1488 ὅσα

77 1534 120 1556 20
140 1515 350 1557 κατέλιπεν
386 1517 406 1556 ὁ
439 1515 579 1568 πατήρ,
618 1518 749 1573 ἐκείνῃ
783 1523 831 1574 τῇ
866 1516 992 1571 ἡμέρᾳ
1024 1516 1301 1568 κατωρύττετο,
1330 1515 1385 1555 ὅτ’
1412 1516 1467 1557 εἷς

137 1585 207 1625 τὰς
234 1583 381 1623 τούτων
406 1587 541 1636 χεῖρας
566 1583 700 1634 ἦλθεν,
730 1584 843 1625 οὗτος
869 1583 901 1624 δ’
927 1584 996 1624 οὐκ
1021 1583 1125 1637 ἔχων
1150 1582 1199 1623 ἂν
1223 1584 1348 1623 εἰπεῖν
1371 1583 1469 1624 ὅπου

139 1667 178 1691 τι
200 1650 349 1690 τούτων
374 1649 586 1696 ἀπέδωκεν,
615 1650 664 1690 ἵν’
691 1651 856 1703 εὔπορος
891 1650 990 1691 εἶναι
1019 1654 1143 1691 δοκῶν
1171 1649 1337 1701 μηδενὸς
1361 1650 1468 1704 τύχω

139 1716 229 1769 παρ’
256 1718 363 1768 ὑμῶν
388 1716 515 1764 ἐλέου,
542 1717 695 1760 τούτοις
721 1721 865 1771 χρῆται
889 1721 970 1759 τοῖς
995 1718 1143 1769 λόγοις.

206 1785 353 1824 Πολλὰ
376 1786 448 1834 μὲν
473 1784 541 1825 οὖν
567 1784 685 1837 ἔγωγ’
713 1785 794 1838 ἔχω
825 1786 888 1825 καὶ
919 1784 1025 1824 ἄλλα
1053 1784 1191 1824 τούτου
1224 1787 1467 1836 κατηγορεῖν·
1500 1800 1546 1836 5ο

81 1865 119 1898 25
140 1850 209 1891 οὐκ
251 1850 454 1904 ἐνδέχεται
490 1851 532 1891 δέ
566 1868 645 1902 μοι,
684 1855 736 1906 τῷ
774 1851 939 1904 μάρτυρι
972 1854 1039 1891 τοῦ
1070 1851 1246 1891 κινδύνου
1282 1850 1369 1902 περὶ
1402 1853 1469 1900 τῆς

140 1918 336 1969 ἐπιτιμίας
375 1919 502 1964 ὄντος,
542 1918 630 1971 περὶ
669 1920 723 1959 ὧν
765 1918 879 1961 αὐτὸς
919 1918 1104 1969 ἠδίκημαι
1133 1917 1279 1969 λέγειν.
1364 1918 1471 1958 ἀλλὰ

140 1984 340 2035 ,Βούλομαι
381 1986 604 2036 πρόκλησιν
641 1987 730 2037 ὑμῖν
770 1987 1006 2038 ἀναγνῶναι·
1060 1985 1270 2037 γνώσεσθε
1312 1986 1386 2037 γὰρ
1429 1984 1474 2035 ἐξ

143 2051 260 2102 αὐτῆς
289 2051 542 2098 ἀκούσαντες,
575 2054 624 2092 τὰ
655 2052 968 2105 μεμαρτυρημέν’
1003 2052 1053 2093 ὡς
1084 2051 1196 2092 ἔστιν
1228 2052 1370 2101 ἀληθῆ,
1410 2051 1471 2091 καὶ

190 2170 204 2191 1
232 2161 407 2202 ἐνεχείρισε
434 2161 469 2199 F,
494 2161 587 2191 xxvii
617 2169 668 2200 55,
699 2160 807 2192 Bekk.
834 2160 962 2192 Anecd.
987 2171 1019 2200 p.
1049 2161 1119 2192 128.
1149 2170 1210 2199 31:
1246 2159 1470 2202 ἐνεχείριζε(ν)

144 2203 168 2235 S
182 2203 214 2234 A
330 2215 349 2244 3
375 2205 490 2236 ἔδωκεν
506 2204 598 2234 xxvii
619 2213 660 2243 55
750 2205 851 2242 αὐτὴν
868 2206 895 2236 δ’
918 2204 1042 2242 ἐκείνην
1058 2204 1151 2234 xxvii
1170 2214 1211 2244 55
1322 2214 1342 2242 4
1366 2203 1471 2244 τούτῳ

143 2247 196 2277 A:
220 2247 343 2279 τούτων
360 2247 384 2277 S
397 2248 462 2277 FD
477 2252 510 2277 et
530 2247 621 2276 xxvii
641 2256 682 2286 55
702 2247 737 2277 S¹
755 2247 780 2277 F
936 2249 957 2277 6
980 2247 1118 2288 ταύτης]
1138 2249 1189 2279 καὶ
1205 2247 1326 2285 ταύτης
1342 2246 1396 2277 A:
1419 2247 1471 2279 καὶ

144 2292 240 2329 αὐτῆς
257 2291 347 2321 xxvii
365 2299 405 2329 55
513 2292 630 2322 τοῦτον
647 2293 677 2322 εἴ
690 2304 722 2322 τι
739 2290 862 2322 τούτων
880 2290 922 2321 S:
949 2293 978 2322 εἴ
991 2304 1023 2322 τι
1039 2291 1163 2323 τούτων
1179 2291 1210 2321 Α
1227 2302 1232 2322 ;
1258 2290 1382 2323 τούτων
1399 2292 1428 2322 εἴ
1440 2303 1472 2321 τι

146 2333 213 2364 FD
230 2338 264 2364 et
280 2334 374 2364 xxvii
391 2335 434 2372 56
554 2343 571 2372 7
596 2333 636 2370 ἧν
653 2333 768 2372 ἀληθές
786 2333 877 2363 xxvii
894 2335 936 2372 56
1058 2335 1078 2364 8
1102 2334 1216 2374 αὐτῆς]
1236 2335 1329 2367 αὐτὸς
1347 2334 1372 2365 S
1388 2345 1395 2364 ε
1414 2335 1472 2370 τῆς

144 2378 264 2417 μητρὸς
281 2378 374 2410 αὐτὸς
392 2376 436 2416 A,
454 2377 494 2407 cs.
515 2377 607 2407 xxvii
625 2379 667 2415 56
807 2387 844 2415 14
870 2378 966 2409 αὐτὸν
981 2376 1012 2406 Α
1027 2377 1053 2407 F
1182 2379 1220 2407 16
1245 2378 1416 2419 διήρπακεν
1434 2375 1472 2407 F¹

146 2430 189 2450 20
215 2423 249 2452 ἐν
266 2420 368 2462 ἐκείνῃ
388 2420 418 2450 Α
551 2430 589 2450 21
617 2422 688 2451 ὅποι
706 2419 730 2450 S
864 2431 970 2458 23—24
995 2422 1068 2460 παρ’
1088 2445 1094 2452 .
1114 2445 1122 2452 .
1142 2446 1148 2452 .
1169 2421 1235 2461 ἔχω
1248 2432 1312 2452 om.
1333 2421 1370 2451 S¹
