1685 2772
77 118 192 174 [895]
628 121 1154 177 [ΔΗΜΟΣΘΕΝΟὙΣ]
1402 122 1556 177 [xxxm

73 211 196 267 [896]
238 239 247 253 1

154 277 195 302 12

229 240 324 290 υπὲρ
361 238 568 290 ἀνθρώπου
600 236 777 290 φυγάδος
807 238 1104 290 ἀπεχθανοίμην
1135 238 1248 292 αὐτῷ.
1311 237 1387 288 ἐγὼ
1418 238 1459 277 δὲ
1489 236 1559 277 τὸν

229 306 467 346 πιστεύοντα
501 305 651 358 ἐμαυτῷ
679 304 857 359 τοσούτῳ
886 304 990 356 ἔφην
1016 303 1138 354 ἧττον
1165 303 1213 344 ἂν
1245 306 1446 355 περιιδεῖν,
1474 304 1557 359 ὅσῳ

227 374 357 425 φυγὰς
381 371 435 412 ὢν
461 372 524 411 καὶ
549 372 706 424 ἀτυχῶν
733 370 907 421 ἠδικεῖτο
929 370 1006 411 ὑπὸ
1030 371 1180 411 τούτου.
1235 370 1364 411 πάντα
1383 373 1424 411 δὲ
1444 369 1556 421 ποιή-

226 456 301 480 σας
326 440 389 479 καὶ
415 440 467 480 εἷς
494 441 626 479 πᾶσαν
653 437 871 491 ἀπέχθειαν
893 438 1017 491 τούτῳ
1046 438 1186 483 ἐλθών,
1207 439 1322 489 μόλις
1343 436 1559 489 εἰσέπραξα

224 506 269 546 τὸ
288 506 483 558 ἀργύριον,
503 506 721 556 πραθείσης
739 507 808 555 τῆς
828 506 925 546 νεὼς
944 503 1234 556 τετταράκοντα
1245 509 1367 558 μνῶν,
1386 505 1560 557 ὅσουπερ
1579 522 1596 554 5

224 573 247 623 ἡ
274 572 385 615 θέσις
410 572 469 624 ἧν.
541 573 815 612 ἀποδοθεισῶν
844 574 886 612 δὲ
914 575 992 612 τῶν
1020 571 1229 623 τριάκοντα
1255 575 1364 624 μνῶν
1395 571 1458 612 ἐπὶ
1488 570 1560 622 τὴν

225 639 418 691 τράπεζαν
444 640 505 680 καὶ
530 643 606 680 τῶν
636 638 729 679 δέκα
750 642 859 690 μνῶν
887 643 940 693 τῷ
967 638 1226 691 Παρμένοντι,
1257 639 1434 679 ἐναντίον
1459 643 1558 679 πολ-

226 710 309 747 λῶν
355 707 562 758 μαρτύρων
609 705 677 747 τάς
724 723 766 747 τε
809 707 1047 758 συγγραφὰς
1090 706 1339 757 ἀνειλόμεθα,
1385 704 1471 746 καθ’
1515 706 1560 747 ἃς

227 774 433 823 ἐδανείσθη
459 775 508 812 τὰ
532 772 726 827 χρήματα,
752 772 814 813 καὶ
838 777 915 813 τῶν
935 772 1279 825 συναλλαγμάτων
1303 774 1473 825 ἀφεῖμεν
1497 773 1561 813 καὶ

228 838 513 891 ἀπηλλάξαμεν
534 839 748 891 ἀλλήλους,
771 841 875 881 ὥστε
898 838 997 891 μήτε
1014 840 1139 894 τούτῳ
1163 840 1259 891 πρὸς
1279 839 1347 890 ἐμὲ
1365 839 1455 890 μήτ’
1477 841 1561 891 ἐμοὶ
1584 855 1624 876 10

228 906 323 959 πρὸς
361 910 499 946 τοῦτον
539 910 699 959 πρᾶγμα
736 908 836 947 εἶναι
874 906 1009 957 μηδέν.
1082 908 1144 947 καὶ
1182 906 1234 949 ὡς
1271 908 1399 957 ἀληθῆ
1437 906 1558 959 λέγω,

228 974 425 1015 ἀκούσατε
448 976 525 1014 τῶν
549 979 780 1025 μαρτυριῶν.

778 1096 1003 1123 ΜΑΡΤΤΡΙΑῙ.

155 1185 196 1219 13
296 1172 412 1211 Μετὰ
431 1174 551 1211 ταῦτα
570 1172 702 1211 τοίνυν
721 1171 807 1220 ἐμοὶ
826 1173 898 1221 μὲν
917 1170 1007 1211 οὔτε
1024 1171 1157 1222 μεῖζον
1177 1171 1265 1211 οὔτε
1284 1170 1450 1211 ἔλαττον
1466 1169 1562 1222 πρὸς

227 1237 346 1278 αὐτὸν
372 1238 622 1288 συμβόλαιον
647 1236 825 1289 γέγονεν·
859 1237 879 1276 ὁ
899 1239 941 1277 δὲ
967 1236 1188 1289 Παρμένων
1215 1237 1413 1287 ἐδικάζετο
1438 1237 1561 1291 τούτῳ
1586 1255 1622 1286 15

227 1308 306 1345 τῶν
320 1321 363 1344 τε
381 1308 547 1356 πληγῶν
565 1305 619 1344 ὧν
639 1304 788 1354 ἔλαβεν
807 1303 882 1343 ὑπὸ
903 1303 1053 1350 τούτου,
1071 1304 1137 1343 ὅτε
1157 1307 1233 1344 τῶν
1253 1305 1404 1344 παίδων
1420 1303 1560 1356 ἐξαγο-

228 1370 356 1422 μένων
383 1370 619 1421 ἐπελάβετο,
648 1371 711 1410 καὶ
735 1371 796 1409 ὅτι
819 1374 887 1410 τοῦ
913 1371 967 1411 εἰς
993 1371 1179 1410 Σικελίαν
1203 1375 1306 1411 πλοῦ
1336 1373 1399 1412 διὰ
1423 1374 1562 1411 τοῦτον

231 1438 494 1488 κατεκωλύθη.
545 1437 800 1487 ἐνεστηκυίας
820 1439 861 1477 δὲ
885 1439 954 1487 τῆς
974 1437 1082 1488 δίκης
1107 1438 1269 1479 δίδωσιν
1294 1439 1314 1478 ὁ
1341 1437 1563 1490 Παρμένων

230 1506 346 1557 ὅρκον
369 1505 493 1559 τούτῳ
518 1505 611 1556 περί
625 1520 743 1544 τινων
769 1503 1042 1556 ἐγκλημάτων,
1065 1506 1129 1545 καὶ
1148 1505 1261 1547 οὗτος
1281 1504 1454 1556 ἐδέξατο,
1477 1506 1561 1544 ἐπι-

230 1571 458 1622 διαθέμενος
497 1571 695 1623 ἆργύριον,
737 1572 805 1611 ἐὰν
846 1571 898 1622 μὴ
941 1572 1071 1628 ὀμόσῃ
1112 1571 1181 1613 τὸν
1218 1572 1347 1624 ὅρκον.
1404 1572 1466 1612 καὶ
1505 1571 1565 1611 ὅτι
1585 1588 1626 1610 20

231 1639 359 1689 ἀληθῆ
383 1638 503 1691 λέγω,
529 1637 636 1689 λαβέ
659 1655 726 1689 μοι
751 1638 822 1688 τὴν
847 1640 1071 1691 μαρτυρίαν.

791 1763 1002 1790 ΜΑΡΤΎΡΙΑ.

160 1851 201 1885 14
301 1835 528 1887 Δεξάμενος
568 1837 700 1877 τοίνυν
743 1840 811 1877 τὸν
853 1838 980 1888 ὅρκον,
1027 1838 1136 1879 εἰδὼς
1179 1838 1239 1877 ὅτι
1280 1837 1427 1878 πολλοὶ
1467 1837 1569 1892 αὐτῷ

234 1904 488 1944 συνείσονται
520 1903 815 1955 ἐπιορκήσαντι,
845 1904 908 1944 ἐπὶ
940 1906 1012 1954 μὲν
1043 1907 1087 1944 τὸ
1121 1905 1267 1955 ὀμόσαι
1296 1904 1363 1944 οὐκ
1397 1903 1564 1954 ἀπήντα,

233 1970 283 2013 ὡς
310 1972 351 2011 δὲ
376 1972 462 2026 δίκῃ
487 1970 624 2010 λύσων
650 1970 717 2011 τὸν
745 1972 860 2023 ὅρκον
885 1975 1171 2022 προσκαλεῖται
1194 1971 1262 2012 τὸν
1289 1971 1565 2022 Παρμένοντα.
1588 1988 1626 2020 25

234 2039 496 2087 ἐνεστηκυιῶν
521 2037 554 2077 δ’
582 2037 712 2079 αὐτοῖς
744 2041 822 2078 τῶν
851 2041 968 2078 δικῶν
994 2037 1223 2079 πεισθέντες
1252 2038 1329 2078 ὑπὸ
1357 2041 1436 2078 τῶν
1465 2055 1563 2090 παρ-

80 2102 202 2158 [897]
235 2105 360 2144 όντων
402 2106 457 2146 εἰς
499 2104 715 2155 ἐπιτροπὴν
757 2104 954 2158 ἔρχονται,
993 2105 1056 2145 καὶ
1099 2103 1326 2156 γράψαντες
1369 2103 1566 2155 συνθήκας

236 2169 516 2222 ἐπιτρέπουσιν
564 2171 621 2211 ἑνὶ
666 2173 739 2221 μὲν
787 2171 962 2227 διαιτητῇ
1010 2171 1126 2225 κοινῷ
1186 2172 1374 2225 Φωκρίτῳ
1422 2173 1565 2228 πολίτῃ
1603 2178 1606 2180 ’

283 2291 302 2311 2
327 2279 523 2312 πιστεύοντα
548 2280 591 2310 S:
618 2278 837 2311 πιστεύσοντα
855 2278 893 2309 ΡῙ
907 2279 937 2318 Q
951 2279 1001 2310 D:
1028 2279 1251 2312 πιστεύσαντα
1276 2279 1307 2310 Α
1321 2279 1346 2310 F
1370 2290 1455 2311 corr.
1546 2291 1565 2318 4

242 2327 345 2356 πᾶσαν
363 2323 409 2354 S:
434 2322 560 2354 ἅπασαν
576 2323 665 2361 vulg.
845 2333 861 2361 7
886 2325 973 2362 μνῶν
989 2328 1064 2362 post
1082 2322 1160 2355 δέκα
1176 2324 1250 2353 add.
1271 2323 1295 2354 S
1314 2324 1400 2362 vulg.
1420 2335 1426 2353 :
1450 2334 1514 2355 om.
1535 2324 1566 2354 A

240 2379 280 2405 24
306 2366 529 2407 ἐπιορκήσαντι
548 2365 578 2395 Α
732 2366 773 2396 28
798 2366 1023 2407 ἐπιτρέπουσιν
1039 2366 1080 2406 Α,
1102 2366 1143 2397 ef.
1162 2366 1247 2405 Arg.
1266 2370 1281 2404 ξ
1300 2377 1318 2396 2
1336 2378 1342 2396 ε
1366 2377 1430 2398 om.
1449 2367 1538 2407 vulg.
1557 2378 1565 2402 z

241 2421 304 2441 om.
326 2411 399 2441 edd.
417 2410 513 2441 Turr.
535 2410 585 2441 καὶ
606 2409 642 2450 (l.
664 2408 719 2449 27)
739 2410 849 2440 deleto
