1685 2772
121 124 258 180 xxvn]
524 127 656 168 KAT’
704 130 958 169 ΑΦΟΒΟΎ
1003 131 1037 168 Α

887 205 899 219 U

121 247 226 298 παρὰ
253 245 406 301 Ξούθῳ,
433 247 692 299 τετρακοσίας
714 249 757 289 δὲ
789 247 851 288 καὶ
882 247 1086 301 δισχιλίας
1109 247 1175 287 ἐπὶ
1204 247 1251 302 τῇ
1277 247 1446 303 τραπέζῃ

119 318 168 369 τῇ
201 313 428 360 Πασίωνος,
462 313 671 364 ἑξακοσίας
704 313 736 354 δ’
766 315 830 354 ἐπὶ
861 315 907 370 τῇ
938 313 1141 360 Πυλάδου,
1170 315 1275 365 παρὰ
1311 319 1443 365 Δημο·

118 378 232 430 μέλει
264 382 306 420 δὲ
335 384 387 435 τῷ
420 380 612 431 Δήμωνος
640 382 718 422 υἱεῖ
742 383 876 434 χιλίας
903 381 965 421 καὶ
990 380 1212 432 ἑξακοσίας,
1240 383 1336 421 κατὰ
1361 384 1442 422 δια-

120 447 257 487 κοσίας
281 449 324 487 δὲ
357 448 419 488 καὶ
450 448 678 500 τριακοσίας
713 449 808 499 ὁμοῦ
836 465 874 488 τι
901 447 1099 488 τάλαντον
1123 448 1441 500 διακεχρημένον.

79 529 97 560 5
120 513 182 552 καὶ
210 513 358 554 τούτων
386 515 433 554 αὖ
463 518 540 555 τῶν
572 514 785 568 χρημάτων
813 515 858 555 τὸ
891 514 1112 567 κεφάλαιον
1141 514 1266 555 πλέον
1290 511 1314 565 ἢ
1343 516 1444 555 ὀκτὼ

117 579 294 620 τάλαντα
319 582 381 621 καὶ
407 580 647 632 πεντήκοντα
671 586 768 633 μναῖ
789 584 1004 635 γίγνονται.
1065 582 1305 633 συμπάντων
1330 582 1363 621 δ’
1391 584 1444 625 εἰς

116 646 282 699 τέτταρα
309 649 371 689 καὶ
396 648 489 688 δέκα
513 648 676 689 τάλανθ’
703 648 889 701 εὑρήσετε
917 652 1171 690 σκοποῦντες.

183 715 260 755 Καὶ
284 714 329 755 τὸ
352 717 424 767 μὲν
449 717 600 766 πλῆθος
629 718 698 766 τῆς
723 715 861 758 οὐσίας
885 715 988 756 τοῦτ’
1015 715 1062 766 ἦν
1087 716 1131 756 τὸ
1162 716 1440 769 καταλειφθέν,

115 777 144 819 ὦ
168 779 305 833 ἄνδρες
331 783 524 823 δικασταί.
587 784 664 823 ὅσα
689 782 720 823 δ’
746 783 862 834 αὐτῆς
889 782 1167 824 διακέκλεπται
1192 784 1255 823 καὶ
1281 783 1342 822 ὅσ’
1365 785 1442 838 ἰδίᾳ

55 861 95 884 10
115 847 282 890 ἕκαστος
307 850 474 901 εἴληφεν
500 849 562 889 καὶ
588 850 719 890 ὁπόσα
744 850 852 906 κοινῇ
880 849 1024 892 πάντες
1046 851 1350 902 ἀποστεροῦσιν,
1373 851 1441 891 οὐκ

114 913 320 967 ἐνδέχεται
347 919 444 968 πρὸς
468 916 585 956 ταύτὸ
613 917 716 969 ὕδωρ
742 918 879 963 εἰπεῖν,
909 916 1000 957 ἀλλ’
1028 917 1179 969 ἀνάγκη
1204 918 1324 969 χωρὶς
1350 918 1437 958 ἕκα-

114 997 212 1021 στον
254 984 402 1023 διελεῖν
445 983 569 1023 ἐστίν.
638 984 661 1023 ἃ
698 985 771 1034 μὲν
796 984 865 1024 οὗν
896 980 1153 1036 Δημοφῶνῆ
1187 985 1439 1035 Θηριππίδης

112 1047 253 1100 ἔχουσι
282 1052 361 1089 τῶν
395 1050 511 1100 ἐμῶν,
543 1049 622 1089 τότ’
656 1049 861 1102 ἐξαρκέσει
898 1050 985 1102 περὶ
1016 1050 1142 1090 αὐτῶν
1172 1051 1308 1097 εἰπεῖν,
1343 1052 1440 1092 ὅταν

111 1114 194 1154 κατ’
225 1115 354 1156 αὐτῶν
385 1117 455 1158 τὰς
486 1118 643 1169 γραφὰς
677 1117 968 1169 ἀπενέγκωμεν·
1017 1118 1041 1157 ἃ
1067 1119 1109 1157 δὲ
1141 1119 1278 1157 τοῦτον
1308 1117 1438 1170 ἔχοντ’

54 1195 90 1226 15
112 1180 397 1235 ἐξελέγχουσιν
417 1183 560 1223 ἐκεῖνοι
585 1184 646 1224 καὶ
674 1185 751 1236 ἐγὼ
777 1184 848 1223 οἶδ’
869 1184 987 1224 αὐτὸν
1008 1185 1215 1237 εἰληφότα,
1236 1185 1324 1236 περὶ
1347 1185 1436 1225 τού-

110 1264 189 1289 των
216 1248 288 1299 ἤδη
319 1248 536 1301 ποιήσομαι
565 1250 656 1292 τοὺς
688 1251 833 1303 λόγους
867 1254 962 1303 πρὸς
994 1252 1107 1302 ὑμᾶς.
1178 1254 1332 1303 πρῶτον
1365 1254 1438 1302 μὲν

111 1315 179 1355 οὖν
205 1315 256 1357 ὡς
288 1315 372 1369 ἔχει
403 1316 475 1367 τὴν
508 1321 663 1369 προῖκα,
689 1319 759 1360 τὰς
792 1317 1034 1370 ὀγδοήκοντα
1066 1320 1178 1369 μνᾶς,
1209 1317 1316 1358 τοῦθ’
1347 1319 1438 1369 ὑμῖν

111 1381 305 1433 ἐπιδείξω,
331 1385 429 1433 μετὰ
461 1385 504 1424 δὲ
532 1388 654 1425 ταῦτα
684 1385 746 1425 καὶ
771 1386 860 1437 περὶ
886 1389 964 1425 τῶν
990 1384 1137 1431 ἄλλων,
1167 1385 1218 1427 ὡς
1241 1383 1289 1426 ἂν
1314 1386 1435 1426 δύνω-

108 1465 177 1499 μαι
202 1451 266 1489 διᾶ
289 1449 563 1503 βραχυτάτων.

50 1528 90 1551 20
177 1516 306 1558 Οὗτος
335 1519 411 1569 γὰρ
444 1517 555 1560 εὐθὺς
579 1519 677 1569 μετὰ
706 1521 775 1559 τὸν
799 1522 867 1559 τοῦ
891 1518 1036 1570 πατρὸς
1064 1518 1233 1559 θάνατον
1258 1518 1341 1573 ᾤκει
1364 1518 1436 1569 τὴν

109 1583 235 1623 οἰκίαν
266 1584 459 1624 εἰσελθὼν
494 1587 591 1624 κατὰ
624 1585 696 1636 τὴν
721 1587 871 1625 ἐκείνου
905 1584 1106 1636 διαθήκην,
1139 1586 1201 1625 καὶ
1235 1585 1435 1636 λαμβάνει

108 1648 157 1689 τά
174 1665 217 1690 τε
236 1652 382 1703 χρυσία
401 1654 470 1701 τῆς
494 1651 638 1703 μητρὸς
659 1654 721 1692 καὶ
738 1654 785 1691 τὰ
805 1653 1017 1703 ἐκπώματα
1036 1655 1084 1692 τὰ
1105 1652 1433 1705 καταλειφθέντα.

109 1716 170 1756 καὶ
206 1719 326 1757 ταῦτα
360 1720 431 1768 μὲν
460 1718 511 1760 ὡς
548 1720 603 1760 εἷς
636 1718 878 1769 πεντήκοντα
909 1722 1009 1770 μνᾶς
1043 1719 1163 1773 εἶχεν,
1195 1719 1252 1760 ἔτι
1285 1721 1326 1759 δὲ
1357 1723 1435 1760 τῶν

107 1783 362 1835 ἀνδραπόδων
391 1788 470 1825 τῶν
501 1785 834 1837 πιπρασκομένων
867 1786 973 1839 παρά
1008 1803 1050 1827 τε
1085 1788 1335 1838 Θηριππίδου
1373 1786 1435 1827 καὶ

47 1863 86 1897 25
108 1853 381 1903 Δημοφῶντος
405 1853 475 1893 τὰς
502 1854 616 1902 τιμὰς
648 1852 891 1904 ἐλάμβανεν,
924 1854 996 1894 ἕως
1025 1853 1339 1906 ἀνεπληρώσατο
1363 1852 1434 1903 τὴν

105 1919 261 1967 προῖκα,
295 1918 366 1960 τὰς
397 1917 640 1970 ὀγδοήκοντα
668 1922 779 1970 μνᾶς.
855 1920 917 1960 καὶ
951 1920 1084 1970 ἐπειδὴ
1120 1920 1239 1973 εἶχεν,
1273 1921 1434 1960 ἐκπλεῖν

104 1982 266 2033 μέλλων
303 1985 359 2026 εἷς
396 1984 597 2037 Κέρκυραν
633 1985 881 2039 τριήραρχος,
924 1986 1136 2039 ἀπέγραψε
1176 1989 1296 2026 ταῦτα
1337 1986 1433 2038 πρὸς

106 2051 362 2102 Θηριππίδην
404 2051 538 2104 ἔχονθ’
580 2052 719 2093 ἑαυτὸν
760 2055 821 2094 καὶ
861 2053 1058 2106 ὡμολόγει
1096 2054 1326 2104 κεκομίσθαι
1361 2053 1433 2103 τὴν

147 2165 167 2185 2
192 2156 385 2195 Δημωμέλει
404 2156 427 2187 S
585 2167 605 2196 3
622 2158 657 2190 δὲ
675 2164 751 2198 post
769 2165 851 2198 Δημ.
871 2158 894 2189 S
908 2159 938 2189 A
956 2170 962 2189 :
986 2164 1065 2190 ante
1082 2165 1165 2198 Δημ.
1181 2158 1271 2198 vulg.
1411 2159 1433 2189 6

103 2200 307 2237 πεντήκοντα
324 2200 453 2230 Reiske
468 2212 475 2232 ι
501 2201 674 2241 τριάκοντα
690 2202 787 2233 codd.
904 2203 1055 2243 ’γίγνεται
1074 2202 1099 2232 F
1218 2202 1385 2239 σύμπαντα
1400 2201 1431 2231 Α

107 2250 145 2271 12
170 2249 312 2283 Δημοφω
330 2244 362 2282 (ν
379 2245 485 2283 sscr.)
505 2243 549 2275 S:
576 2245 693 2283 Δήμων
709 2245 785 2277 sort.
805 2244 852 2284 5¹,
870 2246 912 2277 cf.
932 2246 1015 2276 xxix
1031 2247 1052 2276 6
1126 2244 1163 2286 ἢ]
1181 2247 1232 2277 καὶ
1252 2245 1276 2276 F
1393 2255 1430 2284 15

105 2284 295 2326 ἐλέγξουσιν
312 2286 338 2316 F
431 2288 495 2327 ἐγὼ
516 2286 539 2317 S
558 2287 649 2327 vulg.
668 2299 674 2319 :
695 2287 793 2330 ἔγωγ’
807 2288 850 2328 Α,
865 2289 905 2321 cs.
921 2289 976 2318 lvii
993 2298 1034 2328 45
1051 2293 1086 2319 et
1101 2299 1132 2321 v.
1146 2289 1165 2319 l.
1183 2289 1286 2319 xxviii
1300 2300 1329 2327 7,
1344 2288 1400 2319 lvii
1413 2299 1430 2326 7

106 2329 146 2358 18
170 2329 306 2369 δύνωμαι
324 2329 414 2369 vulg.
433 2340 440 2360 ε
468 2332 532 2371 ε’·γὼ
550 2330 686 2370 δύνωμαι
705 2331 738 2369 S,
757 2333 800 2363 cf.
821 2332 906 2364 Isae.
927 2333 971 2363 vii
989 2343 1009 2371 4
1174 2343 1213 2370 24
1243 2335 1306 2364 τῶν
1322 2342 1386 2363 om.
1406 2332 1430 2362 S

104 2381 143 2411 27
171 2372 331 2414 Κόρκυραν
349 2373 372 2404 S
485 2374 693 2415 ἀπεγράψατο
711 2375 737 2405 F

1478 131 1592 188 [816]

1478 377 1583 432 [817]

1475 728 1514 754 12

1467 1535 1510 1572 13

1467 1937 1507 1971 14
