1685 2772
65 107 175 160 [912]

137 430 174 463 18

63 688 173 741 [913]

135 777 174 811 19

131 1248 177 1278 20

133 1951 173 1976 21

609 110 1146 166 [ΔΗΜΟΣΘΕΝΟΎΣ]
1388 108 1540 163 [xxxxv

209 225 409 265 ἀπέδωκεν
435 225 478 264 τὸ
504 225 686 277 χρυσίον.
738 225 826 263 τίνα
852 223 919 263 οὗν
938 222 1065 263 ἄλλον
1094 222 1170 276 χρὴ
1197 221 1420 273 περιμένειν
1442 222 1542 271 ’ὑμᾶς

207 292 395 345 μάρτυρα,
437 294 530 332 ὅταν
572 291 810 341 τηλικαύτην
846 291 1062 342 μαρτυρίαν
1099 288 1191 341 παρ’
1231 288 1359 328 αὐτῶν
1395 288 1542 328 τούτων

209 360 344 413 ἕχητε;

276 427 522 477 Μελλούσης
560 429 602 467 δὲ
641 428 710 476 τῆς
748 425 857 476 δίκης
895 424 1065 465 εἰσιέναι
1104 425 1158 465 εἰς
1197 426 1241 462 τὸ
1288 420 1542 474 δικαστήριον

209 493 364 534 ἐδέοντο
389 494 499 544 ἡμῶν
530 492 742 545 ἐπιτρέψαι
766 492 855 532 τινί·
893 492 956 533 καὶ
986 492 1098 542 ἡμεῖς
1132 489 1408 542 ἐπετρέψαμεν
1434 491 1538 529 Θεο-
1561 507 1578 539 5

208 562 306 616 δότω
343 563 520 601 ἰσοτελεῖ
547 562 644 600 κατὰ
682 558 893 609 συνθήκας.
955 559 1016 599 καὶ
1049 559 1070 597 ὁ
1099 556 1257 607 Λάμπις
1290 557 1389 607 μετὰ
1417 560 1540 596 ταῦτα

207 630 376 679 νομίσας
401 630 504 682 αὐτῷ
530 629 715 679 ἀσφαλὲς
738 626 810 677 ἤδη
839 625 938 666 εἶναι
971 623 1082 677 [πρὸς
1112 619 1304 680 διαιτητῇ]
1329 627 1539 674 μαρτυρεῖν

207 697 228 733 ὅ
252 713 290 735 τι
313 696 518 746 βούλοιτο,
539 693 802 747 μερισάμενος
818 692 863 733 τὸ
881 692 978 741 ἐμὸν
1001 693 1171 746 χρυσίον
1193 691 1292 742 μετὰ
1308 690 1539 742 Φορμίωνος

206 763 371 808 τουτουί,
411 762 616 814 ἐμαρτύρει
644 761 832 801 τάναντία
859 761 915 802 οἷς
947 760 1137 812 πρότερον
1174 756 1328 810 εἰρήκει.
1389 756 1435 796 οὐ
1464 757 1539 809 γὰρ

206 830 342 880 ὅμοιόν
369 831 492 875 ἐστιν,
521 828 549 869 ὦ
575 829 713 881 ἄνδρες
742 827 958 877 Ἀθηναῖοι,
987 828 1041 869 εἰς
1066 828 1114 866 τὰ
1145 824 1314 877 ὑμέτερα
1342 824 1539 876 πρόσωπα
1563 841 1601 863 10

208 896 463 947 ἐμβλέποντα
499 898 546 936 τὰ
570 897 700 949 ψευδῆ
733 898 943 947 μαρτυρεῖν
975 894 1038 935 καὶ
1071 892 1170 946 πρὸς
1206 895 1395 948 διαιτητῇ·
1447 890 1538 944 παρ’

207 965 296 1015 ὑμῖν
325 967 397 1015 μὲν
430 966 504 1016 γὰρ
539 963 634 1016 ὀργὴ
659 961 814 1014 μεγάλη
847 961 908 1002 καὶ
945 961 1114 1014 τιμωρία,
1145 960 1347 1001 ὑπόκειται
1376 962 1457 1000 τοῖς
1490 959 1539 998 τὰ

207 1033 334 1084 ψευδῆ
359 1034 636 1083 μαρτυροῦσιν,
654 1029 750 1081 πρὸς
766 1032 808 1071 δὲ
831 1033 885 1084 τῷ
903 1032 1080 1085 διαιτητῇ
1099 1028 1312 1069 ἀκινδύνως
1338 1026 1400 1066 καὶ
1426 1026 1536 1066 ἀναι-

209 1098 389 1151 σχύντως
411 1101 676 1150 μαρτυροῦσιν
702 1098 723 1136 ὅ
748 1113 785 1137 τι
809 1096 856 1136 ἂν
874 1096 1114 1146 βούλωνται.
1167 1095 1481 1146 ἀγανακτοῦντος
1496 1092 1540 1133 δέ

206 1182 281 1216 μου
305 1165 368 1204 καὶ
399 1163 719 1218 σχετλιάζοντος,
755 1162 784 1203 ὦ
820 1163 957 1215 ἄνδρες
989 1162 1208 1212 Ἀθηναῖοι,
1240 1161 1305 1201 ἐπὶ
1334 1166 1382 1217 τῇ
1410 1160 1537 1215 τόλμῃ
1563 1179 1598 1211 15

207 1235 275 1271 τοῦ
313 1231 529 1282 Λάμπιδος,
579 1232 642 1271 καὶ
679 1229 952 1283 παρεχομένου
990 1228 1086 1276 πρὸς
1125 1227 1193 1268 τὸν
1231 1226 1431 1277 διαιτητὴν
1467 1226 1538 1276 τὴν

208 1298 327 1348 αὐτὴν
351 1299 566 1350 μαρτυρίαν
602 1298 724 1348 ἤνπερ
750 1298 813 1337 καὶ
846 1300 914 1337 νῦν
948 1295 1044 1348 πρὸς
1073 1297 1172 1346 ὑμᾶς
1199 1293 1433 1347 παρέχομαι,
1461 1297 1538 1333 τῶν

210 1364 257 1416 ἐξ
277 1366 400 1418 ἀρχῆς
417 1365 724 1416 προσελθόντων
741 1363 842 1418 αὐτῷ
862 1363 946 1414 μεθ’
967 1364 1089 1414 ἡμῶν,
1111 1363 1176 1402 ὅτε
1193 1362 1281 1401 οὔτε
1301 1360 1344 1400 τὸ
1370 1361 1538 1414 χρυσίον

209 1431 286 1484 ἔφη
313 1431 579 1484 ἀπειληφέναι
603 1432 710 1483 παρὰ
733 1431 871 1471 τούτου
897 1431 985 1470 οὔτε
1010 1431 1059 1470 τὰ
1084 1428 1266 1483 χρήματα
1283 1427 1400 1468 αὐτὸν
1427 1426 1536 1468 ἐνθέ-

209 1501 304 1539 σθαι
329 1500 383 1540 εἰς
408 1498 479 1548 τὴν
503 1502 611 1544 ναῦν,
638 1499 760 1539 οὕτως
786 1499 807 1537 ὁ
832 1496 990 1548 Λάμπις
1025 1498 1123 1536 κατὰ
1159 1496 1298 1548 κράτος
1324 1494 1536 1547 ἐξελεγχό-
1563 1512 1602 1534 20

207 1583 323 1616 μενος
353 1567 402 1605 τὰ
435 1567 563 1617 ψευδῆ
599 1568 805 1617 μαρτυρῶν
835 1564 899 1604 καὶ
934 1564 1104 1615 πονηρὸς
1138 1564 1204 1610 ὤν,
1236 1563 1434 1614 ὡμολόγει
1467 1563 1539 1612 μὲν

209 1632 402 1684 εἰρηκέναι
427 1636 549 1672 ταῦτα
572 1632 668 1683 πρὸς
701 1635 850 1677 τοῦτον,
879 1631 923 1670 οὐ
955 1630 1091 1682 μέντοι
1124 1647 1170 1682 γε
1199 1629 1308 1671 ἐντὸς
1335 1628 1388 1669 ὢν
1414 1630 1539 1669 εἰπεῖν

207 1700 335 1740 αὑτοῦ.
396 1699 463 1740 καί
483 1716 549 1750 μοι
575 1698 774 1751 ἀνάγνωθι
799 1698 943 1748 ταύτην
969 1698 1040 1747 τὴν
1063 1698 1291 1750 μαρτυρίαν.

768 1854 976 1881 ΜΑΡΤΤΡΙΑ.

275 1934 472 1976 Ἀκούσας
499 1935 632 1974 τοίνυν
663 1934 785 1984 ἡμῶν,
813 1931 842 1973 ὦ
871 1933 1009 1985 ἄνδρες
1038 1932 1256 1983 Ἀθηναῖοι,
1289 1933 1309 1972 ὁ
1344 1933 1542 1974 Θεόδοτος
1564 1952 1601 1982 25

209 2002 416 2047 πολλάκις,
457 2002 519 2041 καὶ
556 2002 724 2051 νομίσας
758 2000 827 2040 τὸν
863 1999 1026 2051 Λάμπιν
1057 2002 1186 2052 ψευδῆ
1219 2003 1440 2051 μαρτυρεῖν,
1473 1998 1540 2038 οὐκ

209 2068 368 2121 ἀπέγνω
401 2071 471 2119 τῆς
505 2068 625 2118 δίκης,
665 2067 757 2108 ἀλλ’
788 2068 942 2120 ἀφῆκεν
970 2067 1071 2118 ἡμᾶς
1105 2068 1160 2109 εἰς
1195 2066 1240 2106 τὸ
1274 2064 1539 2117 δικαστήριον·

257 2188 269 2207 1
298 2176 460 2208 ἀπέδωκεν
486 2177 508 2207 S
525 2188 531 2207 :
556 2177 735 2209 ἀποδέδωκε
753 2181 831 2208 cett.
1027 2187 1043 2215 7
1068 2177 1145 2214 πρὸς
1163 2178 1312 2218 διαιτητῇ
1329 2175 1408 2206 secl.
1429 2176 1541 2206 Naber

208 2232 230 2260 9
254 2221 382 2252 τουτουί
400 2220 423 2250 S
442 2232 448 2250 :
472 2220 588 2251 τούτου
603 2221 692 2259 vulg.
786 2220 953 2262 ἐμαρτύρει
968 2219 1020 2251 A:
1048 2230 1113 2251 om.
1135 2225 1214 2252 cett.
1355 2230 1388 2250 11
1416 2221 1456 2251 τὰ
1471 2230 1537 2250 om.

209 2264 240 2294 A
419 2274 457 2294 12
481 2266 543 2304 γὰρ
564 2265 615 2295 καὶ
641 2264 720 2305 ὀργὴ
746 2264 769 2295 S
904 2263 1066 2296 ὑπόκειται
1084 2266 1152 2296 τοῖς
1166 2264 1221 2303 τὰ]
1242 2263 1406 2295 ἀπόκειται
1423 2266 1490 2295 τοῖς
1506 2262 1539 2293 Α

212 2318 251 2346 19
274 2308 313 2338 τὰ
330 2307 483 2348 χρήματα
499 2307 538 2342 Α,
558 2307 598 2337 cs.
619 2309 655 2344 ἐξ
679 2316 725 2345 ΙΙ,
750 2318 796 2346 17,
816 2317 868 2345 22,
890 2317 952 2346 27:
977 2307 1129 2348 χρήματα
1143 2307 1233 2346 vulg.
1384 2317 1422 2337 21
1449 2307 1491 2338 τὰ
1506 2310 1540 2346 ψ.

210 2350 293 2382 SA:
320 2354 351 2391 ψ.
369 2351 456 2389 vulg.
521 2352 597 2382 καὶ.
617 2374 624 2381 .
644 2375 651 2381 .
672 2353 714 2382 ὥν
733 2361 797 2381 om.
818 2350 847 2379 A
917 2361 957 2380 22
981 2364 1020 2391 γε
1037 2361 1102 2381 orn.
1121 2350 1152 2380 A
1222 2359 1262 2389 25
1287 2352 1303 2382 ὃ
1319 2360 1383 2381 om.
1397 2349 1438 2386 A,
1456 2349 1537 2388 Arg.

211 2397 225 2431 ξ
244 2404 262 2432 5
354 2404 393 2431 27
420 2395 542 2434 ἀφῆκεν
563 2394 587 2424 S
603 2405 609 2424 :
636 2396 756 2433 ἐφῆκεν
771 2394 861 2432 vulg.
953 2399 1028 2433 post
1046 2393 1253 2435 δικαστήριον
1267 2394 1342 2425 add.
1363 2393 1441 2426 ἰέναι
1458 2393 1490 2423 Α
