1685 2772
92 94 210 150 [941]

651 97 1168 154 [ΔΗΜΟΣΘΕΝΟΎΣ]
1445 105 1579 156 [xxxv

245 218 300 258 εἰς
337 216 436 256 Χίον
468 214 697 267 ἐπέτρεψαν
729 217 974 269 καταχθῆναι
1010 215 1034 255 ἃ
1070 216 1330 256 ἐδανείσαντο
1362 214 1583 266 Ἀθήνηθεν

246 283 335 335 παρ’
384 283 507 333 ἡμῶν.
575 281 851 332 δανειζομένου
900 283 974 334 γὰρ
1017 283 1060 322 ἐν
1098 285 1152 336 τῷ
1194 283 1335 337 Πόντῳ
1378 286 1448 322 τοῦ
1490 300 1580 323 ναυ-

248 349 396 401 κλήρου
431 352 499 388 τοῦ
542 350 780 398 Φασηλίτου
819 349 933 400 ἕτερα
969 347 1153 401 χρήματα
1193 348 1301 401 παρά
1335 365 1443 391 τινος
1484 351 1585 390 Χίου

247 417 466 468 ἀνθρώπου,
488 415 534 455 οὗ
560 414 790 467 φάσκοντος
807 418 849 456 δὲ
873 419 942 455 τοῦ
965 416 1065 455 Χίου
1083 416 1296 463 δανείσειν,
1315 417 1384 456 ἐὰν
1407 415 1460 467 μὴ
1486 418 1582 456 ὑπο-

248 483 370 534 θήκην
401 482 512 538 λάβῃ
542 481 699 522 ἅπαντα
728 483 807 522 ὅσα
839 481 887 532 ἧν
919 483 1010 535 περὶ
1038 482 1109 523 τὸν
1142 484 1378 535 ναύκληρον,
1407 483 1468 523 καὶ
1499 484 1582 523 ἐπι-
1604 496 1622 527 5

247 550 424 603 τρέπωσι
450 553 572 589 ταῦτα
609 551 646 589 οἱ
679 550 871 602 πρότερον
895 550 1176 595 δεδανεικότες,
1204 550 1431 602 ἐπέτρεψαν
1462 553 1585 590 ταῦτα

84 621 214 678 [942]
244 616 451 669 ὑποθήκην
476 616 667 669 γενέσθαι
695 620 748 671 τῷ
775 618 860 671 Χίῳ
896 619 944 656 τὰ
974 616 1145 670 ἡμέτερα
1169 617 1231 657 καὶ
1265 618 1397 670 κύριον
1432 619 1583 658 ἐκεῖνον

176 705 218 741 53

178 1099 223 1136 54

182 1573 224 1611 55

249 684 440 738 γενέσθαι
465 683 664 730 ἁπάντων,
689 684 752 724 καὶ
777 684 900 726 οὕτως
920 683 1124 725 ἀπέπλεον
1149 686 1192 724 ἐκ
1217 687 1284 725 τοῦ
1309 685 1469 726 Πόντου
1485 686 1585 737 μετὰ

250 755 318 793 τοῦ
343 752 578 803 Φασηλίτου
614 750 837 804 ναυκλήρου
867 752 928 792 καὶ
955 753 1055 802 μετὰ
1082 755 1152 792 τοῦ
1181 752 1279 792 Χίου
1309 756 1379 792 τοῦ
1413 755 1584 792 δεδανει-

252 820 377 866 κότος,
407 820 469 860 καὶ
495 819 720 871 ὁρμίζονται
743 820 786 859 ἐν
819 823 967 872 φωρῶν
998 818 1142 871 λιμένι,
1170 821 1226 861 εἰς
1251 822 1293 861 δὲ
1321 819 1366 859 τὸ
1395 818 1585 871 ὑμέτερον

252 887 440 939 ἐμπόριον
465 887 539 939 οὐχ
565 886 805 938 ὡρμίσαντο.
866 887 929 927 καὶ
961 886 1059 933 νυνί,
1085 884 1115 927 ὦ
1145 886 1282 939 ἄνδρες
1313 887 1510 933 δικασταί,
1535 888 1586 927 τὰ

250 953 471 1005 Ἀθήνηθεν
497 953 756 994 δανεισθέντα
787 952 972 1007 χρήματα
1003 955 1059 995 εἷς
1083 953 1152 994 τὸν
1184 954 1342 994 Πόντον
1367 954 1430 994 καὶ
1462 953 1586 994 πάλιν

250 1023 294 1061 ἐκ
310 1024 378 1061 τοῦ
395 1021 553 1061 Πόντου
568 1019 761 1071 Ἀθήναζε
779 1022 833 1063 εἰς
849 1022 949 1061 Χίον
967 1020 1190 1073 κατηγμένα
1206 1012 1317 1061 ἐστὶν
1331 1020 1408 1061 ὑπὸ
1422 1020 1584 1061 τούτων.

253 1089 349 1140 ὅπερ
382 1088 451 1128 οὖν
481 1089 522 1128 ἐν
552 1089 656 1145 ἀρχῇ
689 1087 889 1138 ὑπεθέμην
921 1092 989 1128 τοῦ
1014 1088 1153 1140 λόγου,
1181 1088 1241 1128 ὅτι
1273 1088 1335 1128 καὶ
1366 1088 1475 1138 ὑμεῖς
1501 1087 1583 1128 ἀδι-

254 1157 388 1195 κεῖσθε
413 1154 528 1195 οὐδὲν
543 1154 661 1205 ἧττον
681 1158 758 1195 τῶν
783 1155 933 1195 δόντων
948 1155 1059 1205 ἡμῶν
1076 1156 1126 1194 τὰ
1144 1153 1340 1207 χρήματα.
1400 1158 1587 1194 σκοπεῖτε

253 1221 307 1268 δέ,
335 1219 365 1261 ὦ
389 1221 527 1274 ἄνδρες
558 1223 754 1268 δικασταί,
781 1226 864 1262 πῶς
896 1221 963 1261 οὐκ
995 1222 1209 1267 ἀδικεῖσθε,
1237 1221 1398 1261 ἐπειδάν
1427 1237 1485 1262 τις
1508 1224 1586 1261 τῶν

251 1289 383 1339 νόμων
415 1292 493 1328 τῶν
517 1288 715 1340 ὑμετέρων
747 1290 933 1340 κρείττων
960 1290 1123 1345 ἐγχειρῇ
1157 1288 1268 1334 εῖναι,
1297 1288 1360 1328 καὶ
1391 1289 1462 1329 τὰς
1488 1304 1584 1340 συγ-

251 1357 410 1408 γραφὰς
435 1358 503 1397 τὰς
518 1357 700 1396 ναυτικὰς
726 1355 890 1408 ἀκύρους
915 1360 1009 1412 ποιῇ
1036 1355 1099 1394 καὶ
1125 1355 1313 1411 καταλύῃ,
1337 1355 1463 1395 καὶτὰ
1487 1353 1583 1407 χρή-

251 1439 356 1474 ματα
380 1424 428 1463 τὰ
451 1422 542 1475 παρ’
567 1422 678 1473 ἡμῶν
694 1424 749 1464 εἶς
765 1422 864 1463 Χίον
882 1421 907 1479 ᾗ
926 1423 1241 1469 διαπεσταλκώς,
1267 1425 1350 1463 πῶς
1368 1422 1437 1462 οὐκ
1463 1422 1591 1462 ἀδικεῖ

256 1491 276 1529 ὁ
300 1493 475 1531 τοιοῦτος
499 1489 705 1542 ἄνθρωπος
732 1490 794 1530 καὶ
818 1490 937 1541 ὑμᾶς;

323 1556 438 1608 Ἐμοὶ
462 1559 533 1608 μὲν
559 1556 627 1597 οὖν
653 1558 777 1603 ἐστιν,
806 1555 835 1597 ὦ
867 1556 1004 1609 ἄνδρες
1028 1557 1225 1604 δικασταί,
1252 1555 1351 1609 πρὸς
1383 1556 1541 1596 τούτους
1567 1555 1588 1594 ὁ

255 1625 376 1676 λόγος
400 1622 567 1675 (τούτοις
584 1625 661 1676 γὰρ
677 1623 803 1664 ἔδωκα
821 1626 869 1664 τὰ
885 1622 1094 1678 χρήματα)·
1132 1624 1284 1665 τούτοις
1309 1623 1342 1664 δ’
1359 1624 1472 1664 ἔσται
1492 1625 1588 1674 πρὸς

256 1691 325 1731 τὸν
362 1691 584 1742 ναύκληρον
625 1693 776 1732 ἐκεῖνον
814 1691 884 1732 τὸν
921 1692 1170 1742 Φασηλίτην,
1208 1694 1278 1731 τὸν
1313 1691 1482 1740 πολίτην
1519 1689 1589 1729 τὸν

257 1759 397 1804 αὑτῶν,
424 1757 452 1813 ᾧ
481 1759 609 1810 φασὶν
640 1761 821 1799 δανεῖσαι
854 1760 903 1799 τὰ
927 1758 1109 1811 χρήματα
1137 1758 1230 1798 ἄνευ
1253 1758 1363 1809 ἡμῶν
1388 1758 1493 1809 παρὰ
1516 1755 1588 1806 τὴν

259 1824 511 1878 συγγραφήν·
539 1825 628 1866 οὐδὲ
650 1827 725 1878 γὰρ
745 1826 855 1877 ἡμεῖς
880 1827 999 1877 ἴσμεν
1018 1827 1106 1866 τίνα
1131 1826 1243 1866 ἐστὶν
1268 1827 1315 1865 τὰ
1332 1822 1590 1877 πεπραγμένα

258 1892 410 1933 τούτοις
442 1891 539 1944 πρὸς
564 1892 632 1933 τὸν
660 1895 808 1933 ἑαυτῶν
833 1894 1013 1943 πολίτην,
1043 1892 1133 1933 ἀλλ’
1159 1892 1270 1932 αὐτοὶ
1300 1892 1407 1931 οὗτοι
1435 1892 1587 1931 ἴσασιν.

258 1961 379 1999 ταῦτα
407 1959 609 2012 ἡγούμεθα
635 1961 763 2000 δίκαια
800 1960 912 2006 εἶναι,
942 1960 1004 2000 καὶ
1032 1960 1140 2010 ὑμῶν
1173 1959 1352 2010 δεόμεθα,
1385 1956 1414 1997 ὦ
1453 1957 1589 2008 ἄνδρες

259 2028 454 2072 δικασταί,
482 2029 647 2077 βοηθεῖν
673 2027 764 2077 ἡμῖν
791 2031 871 2067 τοῖς
899 2025 1179 2077 ἀδικουμένοις,
1206 2026 1269 2065 καὶ
1296 2025 1475 2074 κολάζειν
1499 2023 1589 2064 τοὺς

259 2097 591 2146 κακοτεχνοῦντας
614 2094 677 2134 καὶ
710 2093 1013 2146 σοφιζομένους,
1040 2093 1177 2145 ὥσπερ
1201 2092 1309 2132 οὗτοι
1339 2092 1587 2145 σοφίζονται.

304 2212 321 2241 7
345 2203 491 2244 γίνεσθαι
510 2202 533 2232 S
671 2213 710 2233 10
743 2202 895 2243 ὑμέτερον
912 2202 962 2235 Αἰ
989 2202 1146 2244 ἡμέτερον
1162 2206 1242 2233 cett.
1367 2211 1404 2239 13
1428 2200 1542 2232 τούτου
1559 2199 1590 2230 Α

262 2255 300 2284 15
322 2246 410 2285 ἡμῶν
427 2249 490 2277 τῶν
509 2245 628 2278 δόντων
645 2245 674 2276 Α
812 2247 850 2275 16
873 2249 937 2278 πῶς
955 2248 1010 2277 οὐκ
1029 2247 1076 2278 ἆδ.
1095 2245 1133 2276 Sl
1151 2246 1254 2284 vulg.,
1270 2245 1311 2276 cf.
1330 2245 1421 2274 xlviii
1439 2252 1498 2282 55:
1524 2246 1589 2275 πῶς

261 2292 368 2321 συναδ.
390 2289 413 2319 S
434 2299 519 2319 corr.
541 2288 572 2327 Q
587 2302 640 2330 γρ.
747 2299 785 2328 19
810 2290 1022 2321 ἀπεσταλκώς
1038 2289 1069 2319 Α
1173 2299 1214 2318 22
1237 2289 1298 2330 γὰρ
1314 2298 1378 2318 om.
1397 2287 1429 2317 A
1497 2286 1590 2318 ἔσται

261 2332 305 2364 S:
333 2333 417 2364 ἔστω
434 2332 523 2371 vulg.
701 2343 741 2370 23
765 2334 823 2364 τὸν
840 2333 978 2370 πολίτην
994 2343 1058 2363 orn.
1080 2333 1103 2363 S
1274 2341 1314 2370 25
1340 2331 1411 2363 οὐδὲ
1431 2331 1474 2362 S:
1499 2328 1589 2361 οὐδὲν

260 2376 347 2415 vulg.
484 2376 524 2405 28
548 2377 623 2415 ἡμῖν
640 2386 706 2407 om.
725 2375 790 2415 FQ
804 2376 833 2406 D
945 2377 1019 2408 τοὺς
1038 2376 1103 2406 SA
1122 2388 1129 2407 t
1153 2376 1226 2408 τούς
1243 2389 1279 2407 τε
1297 2376 1387 2414 vulg.

1607 835 1647 857 10

1609 1169 1653 1201 15.

1610 1504 1653 1525 20

1611 1838 1652 1869 ²5-
