1685 2772
98 100 214 157 [925]

176 1532 218 1558 10

92 1626 216 1682 [926]

650 105 1176 161 [ΔΗΜΟΣΘΕΝΟΎΣ]
1450 106 1580 162 [xxxv

249 222 310 262 καὶ
335 220 495 262 ἐδέοντό
512 238 587 272 μου
607 224 787 261 δανεῖσαι
812 219 994 274 χρήματα
1018 222 1073 263 εἷς
1096 220 1165 261 τὸν
1186 221 1344 261 Πόντον
1362 219 1580 274 Ἀρτέμωνι

247 293 299 343 τῷ
324 289 463 329 τούτου
489 289 650 342 ἀδελφῷ
679 288 740 328 καὶ
757 287 1064 342 Ἀπολλοδώρῳ,
1087 289 1192 330 ὅπως
1217 288 1265 329 ἂν
1289 289 1442 340 ἐνεργοὶ
1467 286 1578 336 ὦσιν,

247 355 360 396 οὐδὲν
379 356 502 401 εἰδώς,
524 353 553 395 ὦ
579 354 715 406 ἄνδρες
740 356 934 401 δικασταί,
962 355 1042 395 οὐδ’
1061 356 1082 395 ὁ
1107 354 1377 407 Θρασυμήδης
1402 354 1473 405 τὴν
1491 356 1578 395 τού-

246 440 325 464 των
349 423 555 474 πονηρίαν,
583 421 676 462 ἀλλ’
702 423 880 473 οἰόμενος
911 421 1010 462 εἶναι
1041 423 1224 464 ἐπιεικεῖς
1255 422 1484 474 ἀνθρώπους
1516 423 1580 463 καὶ

248 491 396 542 οἷοίπερ
438 493 751 541 προσεποιοῦντο
793 489 857 528 καὶ
897 490 1056 541 ἔφασαν
1101 488 1212 535 εἶναι,
1258 489 1320 529 καὶ
1361 488 1580 541 ἡγούμενος
1599 504 1616 536 5

248 556 431 607 ποιήσειν
464 556 603 597 αὐτοὺς
640 556 768 596 πάντα
805 557 957 607 ὅσαπερ
993 557 1229 609 ὑπισχνεῖτο
1272 556 1334 596 καὶ
1370 555 1580 610 ἀνεδέχετο

247 623 439 675 Λάκριτος
478 624 628 663 οὑτοσί.
700 626 893 663 πλεῖστον
935 622 968 662 δ’
1010 622 1085 675 ἄρα
1121 622 1167 673 ἦν
1210 622 1472 675 ἐψευσμένος,
1516 624 1580 664 καὶ

247 690 359 730 οὐδὲν
383 689 468 745 ᾔδει
492 691 588 731 οἵοις
618 691 766 741 θηρίοις
799 689 1017 739 ἐπλησίαζε
1049 693 1130 730 τοῖς
1165 690 1385 742 ἀνθρώποις
1413 691 1578 731 τούτοις.

248 757 354 809 κάγὼ
380 757 557 798 πεισθεὶς
581 756 657 796 ὑπὸ
677 760 747 796 τοῦ
767 756 1056 808 Θρασυμήδους
1078 757 1139 796 καὶ
1159 759 1227 796 τοῦ
1247 757 1424 809 ἀδελφοῦ
1449 756 1577 803 αὐτοῦ,

247 824 310 864 καὶ
341 824 534 876 Λακρίτου
569 824 720 864 τουτουὶ
755 822 1049 876 ἀναδεχομένου
1080 840 1147 874 μοι
1180 823 1295 864 πάντ’
1330 823 1497 864 ἔσεσθαι
1533 826 1581 864 τὰ
1602 842 1642 864 10

246 893 375 931 δίκαια
404 893 508 943 παρὰ
541 894 618 931 τῶν
644 892 832 943 ἀδελφῶν
857 894 935 931 τῶν
961 891 1090 936 αὑτοῦ,
1123 890 1309 931 ἐδάνεισα
1338 892 1437 942 μετὰ
1467 890 1580 941 ξένου

245 958 351 1000 τινὸς
382 957 571 1010 ἡμετέρου
606 959 830 1010 Καρυστίου
859 957 1070 1010 τριάκοντα
1094 961 1193 1009 μνᾶς
1227 958 1421 1010 ἀργυρίου.
1481 959 1577 1009 βού-

245 1030 366 1076 λομαι
390 1025 471 1071 οὖν,
492 1023 521 1065 ὦ
547 1024 684 1077 ἄνδρες
709 1027 907 1071 δικασταί,
935 1027 1004 1075 τῆς
1029 1027 1266 1078 συγγραφῆς
1292 1026 1458 1065 ἀκοῦσαι
1482 1026 1580 1076 ὑμᾶς

246 1096 414 1145 πρῶτον,
439 1092 521 1132 καθ’
540 1091 588 1142 ἢν
609 1093 869 1143 ἐδανείσαμεν
889 1094 937 1132 τὰ
962 1091 1157 1145 χρήματα,
1187 1093 1248 1132 καὶ
1273 1096 1351 1132 τῶν
1374 1092 1579 1144 μαρτύρων

247 1163 324 1200 τῶν
350 1159 682 1212 παραγενομένων
706 1164 759 1214 τῷ
785 1160 1030 1210 δανείσματι·
1069 1159 1204 1199 ἔπειτα
1228 1160 1317 1211 περὶ
1342 1163 1420 1199 τῶν
1445 1159 1580 1200 ἄλλων
1604 1177 1640 1210 15

248 1225 506 1277 ἐπιδείξομεν,
530 1227 592 1266 οἶα
619 1228 947 1280 ἐτοιχωρύχησαν
967 1227 1072 1267 οὗτοι
1098 1227 1186 1279 περὶ
1211 1226 1256 1266 τὸ
1281 1226 1448 1266 δάνειον.
1484 1226 1581 1279 λέγε

246 1293 318 1345 τὴν
344 1292 596 1346 συγγραφήν,
624 1294 708 1334 εἶτα
733 1295 802 1336 τὰς
827 1295 1050 1346 μαρτυρίας.

802 1449 1005 1478 ΣΤΓΓΡΑΦΗ
1012 1470 1018 1475 .

301 1521 518 1560 Ἐδάνεισαν
537 1520 763 1572 Ἀνδροκλῆς
790 1524 978 1573 Σφήττιος
1006 1523 1064 1561 καὶ
1086 1523 1349 1573 Ναυσικράτης
1371 1523 1582 1572 Καρύστιος

246 1574 448 1626 Ἀρτέμωνι
490 1577 548 1614 καὶ
599 1576 872 1629 Ἀπολλοδώρῳ
921 1578 1154 1627 Φασηλίταις
1196 1578 1370 1629 ἀργυρίου
1417 1577 1582 1628 δραχμὰς
1604 1586 1643 1608 20

246 1632 458 1681 τρισχιλίας
482 1632 692 1681 Ἀθήνηθεν
721 1635 770 1672 εἷς
798 1632 950 1681 ὒΙένδην
979 1632 1002 1682 ἢ
1032 1633 1205 1681 Σκιώνην,
1241 1633 1300 1670 καὶ
1335 1632 1499 1670 ἐντεῦθεν
1533 1635 1582 1672 εἷς

249 1686 456 1735 Βόσπορον,
482 1688 545 1724 ἐὰν
572 1687 610 1725 δὲ
634 1688 859 1736 βούλωνται,
884 1689 949 1736 τῆς
977 1686 1033 1724 ἐπ’
1059 1689 1235 1737 ἀριστερὰ
1261 1687 1370 1738 μέχρι
1395 1687 1580 1736 Βορυσθέ-

248 1757 342 1784 νους,
364 1742 423 1778 καὶ
443 1742 558 1779 πάλιν
578 1741 771 1790 Ἀθήναζε,
795 1743 853 1780 ἐπὶ
875 1742 1079 1782 διακοσίαις
1096 1742 1212 1780 εἴκοσι
1232 1742 1340 1780 πέντε
1359 1743 1424 1781 τὰς
1443 1742 1577 1792 χιλίας,

249 1796 310 1832 ἐὰν
340 1795 377 1833 δὲ
403 1796 482 1844 μετ’
510 1794 737 1846 Αρκτοῧρον
767 1798 1025 1835 ἐκπλεισωσιν
1051 1800 1090 1833 ἐκ
1117 1799 1181 1834 τοῦ
1208 1797 1354 1834 Πόντου
1374 1795 1432 1844 ἐφ’
1452 1796 1575 1845 Ἱερόν,

248 1850 308 1886 ἐπι
333 1851 560 1899 τριακοσίαις
580 1853 645 1891 τὰς
671 1852 808 1902 χιλιας,
839 1851 899 1888 ἐπι
920 1868 1018 1889 οινου
1043 1852 1227 1901 κεραμίοις
1254 1850 1452 1890 ἈΙενδαίοις
1477 1867 1580 1900 τρισ-
1603 1862 1640 1893 25

246 1904 390 1954 χιλιοις,
423 1904 461 1944 ὃς
489 1906 694 1943 πλευσεται
720 1908 759 1943 ἐκ
787 1905 935 1954 ΙΝῙέιδης
965 1904 988 1955 ὴ
1016 1906 1176 1954 Σκιώνης
1202 1908 1239 1943 ἐν
1267 1906 1313 1955 τῇ
1340 1906 1516 1957 εἷκοσόρω
1535 1904 1580 1953 ὴν

291 2018 310 2038 2
334 2009 372 2040 ἂν
390 2018 454 2040 om.
479 2009 544 2049 FQ
695 2019 714 2047 3
739 2008 820 2049 οὐδ]
842 2012 915 2041 οὔτε
935 2010 959 2039 S
1100 2011 1121 2039 6
1145 2009 1278 2050 ὅσαπερ]
1299 2010 1359 2041 ὅσα
1375 2009 1406 2039 Α
1512 2011 1578 2041 ὑπι-

248 2055 379 2091 σχνεῖτο
398 2052 421 2082 S
436 2053 460 2082 F
472 2052 501 2091 Q
516 2065 520 2083 :
547 2055 765 2092 ὑπισχνοῦντο
783 2052 814 2081 Α
829 2053 857 2082 D
963 2063 979 2091 7
1005 2051 1044 2090 ἧν
1062 2054 1120 2095 ἄρα
1140 2052 1204 2090 FQ
1217 2052 1246 2081 D
1362 2063 1399 2082 12
1423 2053 1579 2094 ἡμετέρου

246 2105 309 2125 om.
329 2096 358 2125 A
462 2106 500 2134 13
525 2096 595 2135 οὖν]
614 2095 650 2127 δέ
664 2096 695 2126 Α
799 2105 835 2134 15
862 2095 988 2136 ἔπειτα]
1008 2096 1084 2127 add.
1104 2098 1154 2128 καὶ
1174 2096 1200 2126 F
1214 2096 1243 2134 Q
1257 2096 1286 2126 D
1395 2098 1433 2126 16
1459 2098 1577 2136 ἐτυχω-

246 2138 392 2178 ρύχησαν
410 2138 434 2168 S
449 2139 486 2168 ΡΙ
617 2149 653 2177 17
681 2140 751 2170 εἶτα
768 2139 791 2168 S
811 2151 817 2169 ι
843 2139 956 2170 ἔπειτα
972 2140 1062 2177 vulg.
1194 2141 1232 2169 18
1257 2144 1460 2172 ΣΎΓΓΡΑΦΗ
1480 2144 1577 2171 ΜΑΡ·
1603 2178 1606 2180 .

246 2186 370 2215 ΤὙΡΕΣ
383 2182 405 2212 S
478 2192 517 2220 19
534 2192 606 2221 sqq*
631 2182 798 2221 pactionis
810 2182 984 2212 formulam
997 2193 1060 2212 om.
1077 2182 1122 2213 S:
1143 2188 1219 2222 post
1240 2185 1255 2220 §
1273 2193 1313 2221 37
1326 2183 1449 2212 iterant
1469 2182 1533 2220 FQ
1547 2182 1577 2212 D

250 2235 288 2263 19
314 2225 478 2257 ἐδάνεισεν
496 2225 521 2255 F
533 2225 562 2263 Q
579 2225 607 2254 D
703 2226 890 2266 Ναυκράτης
910 2225 976 2263 ΡΩ
990 2225 1018 2255 D
1035 2226 1087 2256 hic
1106 2231 1139 2255 et
1157 2226 1243 2256 infra
1362 2235 1405 2255 20
1429 2226 1577 2266 ἀργυρίου

247 2269 389 2309 δραχμὰς
419 2269 607 2308 τρισχιλίας
632 2268 672 2302 Α.
701 2270 742 2299 cs.
771 2269 795 2298 Ι.
809 2269 839 2305 J.
857 2269 897 2299 G.
926 2269 958 2307 ii
986 2279 1039 2308 pp
1059 2271 1134 2308 282,
1151 2279 1238 2307 322
1232 2280 1238 2286 ·
1263 2269 1410 2310 ἀργυρίου
1435 2269 1512 2306 (-ίον
1537 2268 1578 2298 F⁸²

246 2322 332 2342 corr
354 2311 401 2341 Dx
421 2312 609 2352 τρισχιλίας
627 2313 771 2352 δραχμὰς
790 2312 855 2349 FQ
869 2311 910 2349 D,
930 2313 971 2342 ct.
992 2315 1007 2349 §
1031 2322 1067 2350 14
1139 2322 1180 2342 22
1205 2318 1281 2351 post
1297 2312 1481 2348 βούλωνται
1496 2312 1574 2342 add.

247 2356 291 2386 εἰς
307 2356 367 2386 τὸν
384 2355 511 2386 Πόντον
530 2355 725 2391 εἰσβάλλειν
744 2356 876 2394 Drerup
983 2365 1024 2394 23
1050 2356 1099 2386 ἐπὶ
1117 2355 1202 2395 τόκῳ
1222 2355 1397 2387 διακοσίαις
1417 2353 1458 2385 Fb
1471 2354 1518 2393 Q‘J
1531 2351 1577 2384 Db

246 2397 357 2437 χιλίας
374 2397 423 2428 A:
448 2398 633 2439 τρισχιλίας
652 2398 692 2428 Fa
706 2398 751 2436 Qa
767 2398 811 2427 Da
947 2400 988 2428 26
1011 2401 1199 2430 πλευσειται
1219 2398 1283 2436 FQ
1297 2398 1325 2427 D
