1685 2772
144 69 274 125 xxmq
539 74 700 112 ΠΡΟΣ
748 75 1067 113 AAKPrTON

140 183 383 225 ἀποδιδόναι.
455 186 536 224 πῶς
561 183 609 223 ἂν
639 182 820 235 γένοιντο
849 184 1104 235 πονηρότεροι
1133 183 1333 235 ἄνθρωποι
1358 181 1382 234 ἢ
1407 188 1475 224 τοῦ

140 249 392 292 παιδεύοντος
422 251 470 289 τὰ
505 253 667 290 τοιαῦτα
702 246 726 300 ἢ
761 250 889 289 αὐτῶν
925 254 1002 290 τῶν
1029 250 1338 301 παιδευομένων,·
1388 251 1473 291 ἐπεὶ

139 316 172 356 δ’
199 317 266 357 οὖν
291 316 418 359 δεινός
442 317 552 356 ε’στιν
582 316 645 356 καὶ
674 316 853 357 πιστεύει
880 320 932 370 τῷ
962 316 1097 368 λέγειν
1124 317 1185 357 καὶ
1213 321 1298 358 ταῖς
1323 318 1473 371 χιλίαις

140 386 334 437 δραχμαῖς
359 384 403 426 ἃς
429 383 595 424 δέδωκεν
613 383 666 438 τῷ
690 383 929 437 διδασκάλῳ,
948 383 1164 423 κελεύσατε
1183 383 1301 423 αὐτὸν
1321 383 1473 435 διδάξαι

102 463 119 494 5
138 451 249 502 ὑμᾶς,
270 447 293 501 ἢ
316 450 365 492 ὡς
385 453 432 490 τὰ
453 449 636 504 χρήματα
656 448 725 490 οὐκ
745 448 897 501 ἔλαβον
913 449 1003 503 παρ’
1023 450 1144 501 ἡμῶν,
1165 446 1189 500 ἢ
1208 450 1259 492 ὡς
1274 451 1472 501 λαβόντες

140 518 450 564 ἀποδεδώκασιν,
477 514 500 568 ἢ
527 518 588 557 ὅτι
611 519 681 559 τὰς
705 519 888 558 ναυτικὰς
913 519 1152 570 συγγραφὰς
1181 516 1226 557 οὗ
1254 519 1317 558 δεῖ
1342 519 1473 570 κυρίας

140 585 252 632 εῖναι,
277 582 301 635 ἢ
327 585 378 627 ὡς
403 588 464 625 δεῖ
485 584 588 625 ἄλλο
613 602 650 625 τι
674 583 906 638 χρήσασθαι
935 588 1018 626 τοῖς
1046 583 1250 637 χρήμασιν
1272 580 1297 634 ἢ
1324 583 1389 637 ἐφ’
1415 585 1472 626 οῖς

141 653 294 703 ἔλαβον
315 654 412 692 κατὰ
432 652 503 702 τὴν
524 650 776 705 συγγραφήν.
828 652 975 691 τούτων
992 652 1013 690 ὅ
1032 667 1069 691 τι
1087 651 1280 702 βούλεται
1295 651 1471 692 πεισάτω

138 720 249 771 ὑμᾶς.
288 719 350 760 καὶ
367 720 493 772 ἔγωγε
511 720 572 760 καὶ
593 718 707 761 αὐτὸς
727 723 922 772 συγχωρῶ
943 719 1180 771 σοφώτατον
1201 718 1300 758 εῖναι
1318 722 1469 765 τοῦτον,

81 799 121 821 10
139 788 208 827 ἐὰν
232 787 328 838 ὑμᾶς
360 788 478 843 πείσῃ
509 786 598 828 τοὺς
626 786 714 838 περὶ
744 790 821 826 τῶν
852 787 1114 837 συμβολαίων
1143 789 1220 826 τῶν
1251 786 1472 838 ἐμπορικῶν

140 853 380 904 δικάζοντας.
450 853 542 894 ἀλλ’
584 853 626 894 εῧ
668 852 740 893 οἶδ’
783 854 844 893 ὅτι
887 853 998 894 οὐδὲν
1041 853 1089 894 ἂν
1129 853 1276 893 τούτων
1318 853 1399 894 οἶός
1438 853 1471 893 τ’

140 922 198 972 εἴη
224 920 337 963 οὗτος
360 921 451 962 οὔτε
473 919 627 971 διδάξαι
652 920 742 961 οὔτε
763 924 915 962 πεῖσαι.

206 987 337 1039 Χωρὶς
357 989 398 1027 δὲ
417 988 579 1034 τούτων,
601 986 700 1040 φέρε
718 987 815 1038 πρὸς
831 991 910 1028 τῶν
932 991 1046 1034 θεῶν,
1068 985 1097 1026 ὦ
1117 987 1254 1040 ἄνδρες
1272 987 1468 1032 δικασταί,

140 1055 174 1095 εἰ
197 1054 429 1094 τούναντίον
449 1052 731 1105 συνεβεβήκει,
757 1054 809 1105 μὴ
836 1055 856 1094 ὁ
879 1055 1019 1094 τούτου
1044 1054 1220 1107 ἀδελφὸς
1246 1055 1265 1093 ὁ
1289 1059 1468 1094 τετελευ-

82 1136 120 1171 15
139 1121 263 1171 τηκὼς
290 1122 376 1172 ἐμοὶ
403 1121 551 1174 ὤφειλε
577 1119 772 1174 χρήματα,
799 1121 891 1161 ἀλλ’
919 1121 995 1172 ἐγὼ
1019 1121 1072 1176 τῷ
1100 1122 1250 1166 τούτου,
1277 1120 1471 1161 τάλαντον

140 1185 163 1237 ἦ
190 1187 432 1240 ὀγδοήκοντα
457 1190 556 1238 μνᾶς
578 1184 603 1238 ἢ
628 1186 754 1228 πλέον
778 1184 801 1237 ἢ
821 1188 1000 1233 ἔλαττον,
1023 1187 1082 1239 ἆρ’
1102 1187 1150 1228 ἂν
1170 1189 1303 1228 οἴεσθε
1327 1187 1471 1239 Λάκρι-

138 1271 208 1295 τον
237 1256 404 1302 τουτονί,
432 1253 460 1294 ὦ
491 1254 628 1306 ἄνδρες
657 1256 851 1300 δικασταί,
878 1254 970 1295 τοὺς
998 1253 1137 1296 αὐτοὺς
1165 1256 1308 1307 λόγους
1337 1254 1473 1306 λέγειν

140 1322 282 1374 οἵσπερ
306 1321 392 1363 νυνὶ
414 1320 714 1374 κατακέχρηται,
742 1318 765 1371 ἢ
791 1320 963 1373 φάσκειν
987 1321 1103 1362 αὑτὸν
1123 1322 1192 1361 οὐκ
1211 1320 1310 1362 εῖναι
1330 1326 1473 1374 κληρο-

141 1389 264 1440 νόμον
299 1385 322 1439 ἢ
363 1388 615 1440 ἀφίστασθαι
651 1392 730 1428 τῶν
763 1391 832 1428 τοῦ
870 1389 1059 1440 ἀδελφοῦ,
1096 1389 1157 1428 καὶ
1188 1388 1256 1428 οὐκ
1291 1388 1339 1429 ἂν
1370 1388 1474 1429 πάνυ

83 1471 123 1493 20
141 1460 289 1507 πικρῶς
313 1454 566 1506 εἰσπράττειν
590 1472 658 1512 με,
678 1455 813 1507 ὥσπερ
839 1454 902 1495 καὶ
929 1457 1033 1507 παρὰ
1060 1459 1138 1495 τῶν
1168 1455 1304 1496 ἄλλων
1335 1455 1472 1496 εἰσπέ-

141 1539 322 1574 πρακται,
350 1523 386 1562 εἴ
418 1523 477 1563 τίς
509 1539 547 1562 τι
584 1522 718 1576 ἐκείνῳ
753 1526 808 1576 τῷ
843 1523 1138 1572 τετελευτηκότι
1171 1523 1342 1574 ὤφειλεν
1374 1519 1398 1572 ἢ
1431 1524 1473 1562 ἐν

143 1588 346 1639 Φασήλιδι
370 1586 393 1638 ἢ
418 1588 567 1629 ἄλλοθί
588 1606 681 1635 που;
727 1590 790 1629 καὶ
815 1590 852 1629 εἴ
879 1588 925 1641 γε’
949 1606 1007 1630 τις
1031 1589 1140 1639 ἡμῶν
1170 1589 1331 1642 φεύγων
1363 1590 1473 1639 δίκην

141 1655 217 1696 ὑπὸ
241 1656 382 1696 τούτου
404 1656 669 1709 παραγραφὴν
688 1656 888 1707 ἐτόλμησε
914 1655 1256 1708 παραγράφεσθαι,
1282 1655 1334 1707 μὴ
1362 1657 1471 1696 εἷσα-

144 1723 322 1775 γώγιμον
348 1722 446 1763 εἶναι
470 1722 542 1773 τὴν
568 1724 691 1773 δίκην,
719 1722 761 1763 εὖ
787 1722 858 1763 οἶδ’
878 1724 939 1762 ὅτι
962 1722 1174 1775 ἠγανάκτει
1197 1722 1244 1763 ἂν
1271 1723 1386 1764 αὐτὸς
1411 1724 1473 1763 καὶ

84 1801 123 1833 25
146 1790 381 1842 ἐσχετλίαζε
405 1789 501 1841 πρὸς
522 1790 634 1841 ὑμᾶς,
663 1791 772 1830 δεινὰ
796 1789 966 1841 φάσκων
999 1789 1172 1842 πάσχειν
1206 1791 1268 1830 καὶ
1301 1806 1471 1841 παρανο-

144 1859 318 1907 μεῖσθαι,
345 1857 379 1896 εἷ
403 1856 455 1907 μή
489 1873 546 1898 τις
580 1857 681 1911 αὐτῷ
715 1856 787 1907 τὴν
819 1857 930 1907 δίκην
961 1860 1175 1909 ψηφιεῖται
1209 1857 1474 1909 εἰσαγώγιμον

146 1922 258 1968 εἶναι,
286 1923 499 1975 ἐμπορικὴν
525 1923 660 1964 οὖσαν.
734 1924 880 1969 ἔπειτα,
908 1922 937 1963 ὦ
966 1922 1147 1975 Λάκριτε,
1175 1925 1240 1965 σοὶ
1264 1925 1337 1975 μὲν
1361 1925 1475 1963 τοῦτο

196 2043 209 2062 1
238 2046 367 2073 πονηροι
387 2032 428 2064 S:
453 2032 665 2074 πονηρότατοι
685 2032 751 2071 FQ
766 2034 795 2063 D
957 2043 975 2062 2
1002 2035 1104 2064 αὐτῶν
1122 2032 1209 2063 SA:
1233 2035 1337 2064 αὐτῶν
1354 2032 1477 2064 τούτων

147 2075 236 2114 vulg.
371 2086 435 2114 2—3
457 2077 524 2107 ἐπεὶ
535 2075 562 2107 δ’
576 2075 731 2108 Bekker:
754 2079 820 2108 ἐπεὶ
834 2076 941 2115 vulg.:
969 2077 1076 2114 ἐπειδὴ
1094 2077 1123 2106 Α
1278 2088 1296 2114 4
1323 2075 1371 2116 ἃς]
1385 2075 1432 2108 αἶς
1445 2075 1476 2105 Α

150 2129 167 2158 7
194 2120 278 2151 ἄλλο
294 2133 326 2151 τι
343 2130 407 2149 om.
427 2118 450 2149 S
588 2129 627 2150 12
652 2120 743 2158 prius
761 2123 835 2152 οὔτε
851 2130 917 2151 om.
937 2119 974 2150 Sl
1097 2130 1134 2158 14
1160 2119 1360 2160 συμβεβήκει
1378 2119 1474 2149 codd.

149 2164 193 2202 μὴ
214 2162 237 2192 S
251 2162 304 2193 A:
329 2165 379 2194 καὶ
397 2164 441 2202 μὴ
459 2162 548 2201 vulg.
657 2173 694 2201 15
719 2164 870 2204 χρήματα
886 2163 916 2194 Α
932 2174 939 2194 2
963 2165 1004 2195 τὰ
1020 2177 1073 2204 χρ.
1092 2164 1180 2202 vulg.
1259 2167 1303 2204 τῷ
1318 2162 1433 2194 τούτου
1451 2161 1475 2191 S

152 2206 242 2244 vulg.
260 2217 267 2236 ε
291 2206 395 2246 τούτῳ
412 2206 442 2236 Α
623 2208 661 2236 16
684 2207 784 2238 πλέον
801 2206 852 2237 A:
877 2210 990 2239 πλεῖον
1006 2212 1084 2238 cett.
1228 2209 1266 2239 ἂν
1283 2217 1347 2237 om.
1368 2205 1432 2244 FQ
1445 2205 1475 2234 D

154 2250 192 2278 18
217 2248 347 2290 οἷσπερ]
366 2249 410 2281 οἷς
430 2249 495 2288 FQ
508 2250 538 2279 D
654 2253 856 2291 καταχρῆται
872 2249 905 2280 Α
1017 2250 1154 2291 φάσκειν
1171 2250 1194 2281 S
1207 2250 1256 2281 A:
1283 2250 1419 2290 φάσκειν
1437 2250 1475 2280 ἂν

153 2291 268 2330 FQD
467 2292 871 2332 193JSADtmz1FQ
1048 2291 1475 2334 22ef-ye'mAFQD:

145 2338 181 2367 -εἵ
194 2349 243 2368 τις
259 2335 283 2367 S
417 2347 457 2376 24
482 2338 577 2369 αὐτὸς
594 2336 618 2366 S
636 2337 743 2376 vulg.:
769 2336 860 2369 οὗτος
875 2336 907 2368 Α
1040 2346 1081 2374 25
1105 2340 1361 2379 παρανομιεισθαι
1379 2335 1403 2366 S

1505 64 1627 118 [938]

1502 399 1546 432 43

1501 1003 1547 1036 44

1502 1048 1630 1104 [939]

1502 1600 1544 1636 45
