1685 2772
114 155 262 211 xxxm]
479 161 644 199 ’ΥΠΕΡ
691 161 1070 200 ΦΟΡΜΙΩΝΟΣ

661 295 886 322 ΜΑΡΤΎΡῙΑΙ.

176 371 398 426 Ἀνάγνωθι
425 372 469 424 δὴ
492 372 555 414 καὶ
574 374 652 414 ὅσα
671 374 843 427 δημοσίᾳ
862 372 1059 426 χρήσιμος
1074 378 1122 430 τῇ
1142 374 1258 414 πόλει
1277 372 1443 427 γέγονεν

112 440 262 482 οὑτοσί.

664 531 890 558 ΜΑΡΊὝΡῙΑΙ.

74 626 92 658 5
176 615 364 652 Τοσαῦτα
389 612 534 657 τοίνυν,
564 608 593 650 ὦ
624 609 761 662 ἄνδρες
786 609 1001 660 Ἀθηναῖοι,
1037 611 1223 663 Φορμίων
1251 610 1446 664 χρήσιμος

113 680 286 731 γεγονὼς
311 677 373 718 καὶ
398 683 446 734 τῇ
470 678 586 717 πόλει
612 677 674 717 καὶ
699 680 866 717 πολλοῖς
890 677 1009 727 ὑμῶν,
1031 677 1093 717 καὶ
1113 677 1238 718 οὐδέν’
1263 678 1342 718 οὔτ’
1368 679 1445 731 ἰδίᾳ

113 746 202 786 οὔτε
227 745 398 798 δημοσίᾳ
424 743 542 784 κακὸν
571 743 684 784 οὐδὲν
712 742 983 795 εἰργασμένος,
1012 743 1092 784 οὐδ’
1123 745 1266 785 ἀδικῶν
1295 744 1442 785 Ἀπολ-

111 812 289 863 λόδωρον
313 810 479 856 τουτονί,
506 813 630 850 δεῖται
655 810 718 850 καὶ
751 809 912 850 ἱκετεύει
943 812 1006 850 καὶ
1037 809 1143 861 ἀξιοῖ
1166 813 1355 862 σωθῆναι,
1384 811 1446 851 καὶ

111 879 224 930 ἡμεῖς
248 875 478 928 συνδεόμεθ’
502 878 538 917 οἶ
568 875 782 927 ἐπιτήδειοι
810 876 919 916 ταῦθ’
949 879 1069 928 ὑμῶν.
1141 879 1266 918 ἐκεῖνο
1292 877 1325 917 δ’
1350 879 1447 929 ὑμᾶς

55 959 94 980 10
113 946 280 986 ἀκοῦσαι
299 947 369 984 δεῖ.
420 946 594 984 τοσαῦτα
612 942 700 996 γάρ,
723 941 752 983 ὦ
772 942 909 995 ἄνδρες
927 943 1142 994 Ἀθηναῖοι,
1164 943 1333 998 χρήμαθ’
1358 946 1447 995 ὑμῖν

115 1012 346 1064 ἀνεγνώσθη
371 1010 719 1063 προσηυπορηκώς,
741 1009 803 1050 ὄσ’
825 1010 905 1051 οὔθ’
925 1011 1037 1053 οὗτος
1062 1011 1142 1051 οὔτ’
1173 1011 1297 1054 ἄλλος
1322 1011 1448 1054 οὐδεὶς

118 1078 308 1129 κέκτηται.
380 1078 514 1121 πίστις
551 1077 687 1129 μέντοι
725 1078 929 1130 Φορμίωνι
968 1080 1073 1130 παρὰ
1110 1082 1192 1120 τοῖς
1226 1079 1353 1119 εἰδόσι
1386 1078 1449 1119 καὶ

117 1145 320 1187 τοσούτων
345 1144 410 1186 καὶ
440 1145 578 1201 πολλῷ
606 1145 803 1186 πλειόνων
834 1144 1061 1199 χρημάτων,
1089 1145 1137 1186 δι’
1167 1146 1212 1197 ἧς
1241 1147 1304 1187 καὶ
1335 1145 1449 1189 αὐτὸς

117 1215 218 1268 αὑτῷ
249 1213 311 1254 καὶ
340 1213 432 1264 ὑμῖν
468 1211 665 1266 χρήσιμός
705 1214 828 1253 ἐστιν.
884 1213 908 1254 ἃ
939 1212 991 1264 μὴ
1025 1215 1214 1265 προῆσθε,
1246 1213 1336 1264 μηδ’
1367 1216 1448 1254 ἐπι-

60 1299 97 1331 15
117 1279 281 1334 τρέψητ’
307 1278 528 1332 ἀνατρέψαι
552 1283 604 1335 τῷ
629 1284 754 1335 μιαρῷ
780 1280 903 1335 τούτῳ
924 1281 1128 1335 ἀνθρώπῳ,
1149 1283 1246 1332 μηδὲ
1265 1279 1448 1331 ποιήσητ’

119 1346 287 1400 αἰσχρὸν
319 1346 580 1399 παράδειγμα,
613 1346 665 1389 ὡς
697 1348 746 1386 τὰ
777 1351 854 1388 τῶν
889 1347 1160 1400 ἐργαζομένων
1191 1347 1253 1387 καὶ
1283 1348 1448 1401 μετρίως

120 1414 341 1455 ἐθελόντων
367 1415 434 1464 ςῆν
458 1417 542 1456 τοῖς
566 1417 776 1466 Βδελυροῖς
799 1414 861 1454 καὶ
880 1414 1147 1467 συκοφάνταις
1172 1414 1340 1468 ὑπάρχει
1360 1414 1450 1467 παρ’

119 1483 226 1532 ὑμῶν
263 1484 423 1531 λαβεῖν·
457 1479 560 1521 πολὺ
590 1482 665 1532 γὰρ
698 1481 962 1534 χρησιμώτερ’
992 1483 1081 1532 ὑμῖν
1112 1483 1215 1533 παρὰ
1250 1481 1338 1536 τῷδ’
1368 1481 1450 1522 ὄνθ’

121 1546 302 1601 ὑπάρχει.
373 1547 488 1599 ὁρᾶτε
513 1549 588 1599 γὰρ
614 1547 724 1588 αὐτοὶ
751 1548 813 1588 καὶ
838 1548 997 1588 ἀκούετε
1021 1552 1098 1588 τῶν
1122 1548 1340 1600 μαρτύρων,
1368 1549 1452 1588 οἷον

62 1633 103 1654 20
121 1614 258 1656 ἑαυτὸν
283 1618 365 1656 τοῖς
389 1616 566 1664 δεηθεῖσι
590 1614 768 1668 παρέχει.
834 1616 896 1655 καὶ
920 1615 1068 1655 τούτων
1093 1615 1206 1656 οὐδὲν
1231 1616 1361 1656 εἵνεκα
1385 1618 1453 1654 τοῦ

121 1685 426 1722 λυσιτελοῦντος
461 1682 516 1723 εἰς
548 1680 731 1735 χρήματα
766 1683 991 1732 πεποίηκεν,
1030 1682 1136 1722 ἀλλὰ
1173 1682 1453 1735 φιλανθρωπίᾳ

125 1748 189 1788 καὶ
223 1749 369 1799 τρόπου
405 1749 606 1802 ἐπιεικείᾳ.
677 1749 816 1789 οὔκουν
848 1747 971 1799 ἄξιον,
1004 1746 1033 1788 ὦ
1067 1748 1203 1801 ἄνδρες
1235 1748 1451 1799 Ἀθηναῖοι,

124 1815 192 1856 τὸν
224 1819 402 1855 τοιοῦτον
435 1815 556 1867 ἄνδρα
586 1814 780 1867 προέσθαι
813 1816 950 1870 τούτῳ,
982 1815 1069 1855 οὐδὲ
1099 1815 1294 1865 τηνικαῦτ’
1325 1817 1454 1856 ἐλεεῖν

125 1881 182 1921 ὅτ’
207 1882 320 1922 οὐδὲν
344 1881 460 1922 ἔσται
483 1882 606 1937 τούτῳ
633 1881 771 1929 πλέον,
789 1882 896 1923 ἀλλὰ
916 1885 985 1922 νῦν
1004 1882 1069 1922 ὅτε
1089 1882 1210 1933 κύριοι
1236 1881 1454 1923 καθέστατε

69 1963 106 1995 25
127 1953 270 2003 σῷσαι·
304 1948 349 1989 οὐ
374 1950 450 2001 γὰρ
475 1949 594 2001 ἔγωγ’
619 1949 694 2001 ὁρῶ
722 1948 855 2001 καιρὸν
880 1951 922 1990 ἐν
951 1950 1027 1989 τίνι
1052 1948 1100 1989 ἂν
1123 1951 1278 1999 μᾶλλον
1302 1948 1452 2000 βοηθή-

128 2015 212 2056 σειέ
243 2032 301 2058 τις
333 2015 449 2070 αὐτῷ.
507 2018 556 2056 τὰ
587 2018 660 2067 μὲν
693 2016 761 2056 οὖν
791 2015 909 2057 πόλλ’
942 2017 996 2056 ὧν
1025 2014 1328 2067 Ἀπολλόδωρος
1362 2017 1453 2067 ἐρεῖ,

127 2081 293 2133 νομίζετ’
332 2083 432 2123 εἶναι
470 2083 593 2134 λόγον
633 2082 695 2122 καὶ
734 2083 1014 2130 συκοφαντίας,
1055 2082 1234 2123 κελεύετε
1270 2081 1301 2122 δ’
1337 2081 1456 2123 αὐτὸν

170 2201 190 2231 3
214 2191 305 2224 οὗτος
323 2191 346 2222 S
360 2191 390 2222 A
558 2192 580 2221 6
601 2191 745 2231 γεγονὼς
762 2191 813 2222 καὶ
831 2192 872 2232 τῇ
888 2190 981 2222 πόλει
1000 2190 1024 2222 S
1039 2202 1046 2222 :
1070 2191 1213 2232 ’γεγονὼς
1230 2192 1271 2232 τῇ
1291 2189 1386 2222 πόλει
1403 2190 1432 2220 Α
1448 2200 1455 2219 ;

127 2237 169 2278 τῇ
186 2235 280 2267 πόλει
296 2235 440 2276 γεγονὼς
459 2233 525 2272 FQ
541 2233 570 2263 D
695 2243 716 2272 9
739 2234 827 2266 ταῦθ’
848 2234 982 2273 Sandys
1111 2244 1146 2264 11
1173 2235 1412 2275 προευπορηκώς
1430 2233 1455 2264 S

132 2289 170 2318 13
195 2284 270 2318 post
287 2278 463 2319 χρημάτων
486 2277 562 2307 add.
591 2277 682 2308 ἐστίν
705 2276 728 2307 S
743 2277 774 2306 A
793 2288 800 2307 :
823 2287 887 2307 om.
905 2277 994 2316 vulg.
1135 2287 1172 2315 14
1197 2279 1335 2318 προῆσθε
1357 2276 1429 2306 ΑΙ)
1447 2286 1454 2306 :

130 2326 275 2363 προεισθε
293 2321 330 2352 S¹
349 2332 355 2350 :
380 2321 520 2362 πρόησθε
539 2320 562 2350 S
581 2329 666 2351 corr.
688 2319 755 2358 FQ
861 2321 900 2349 18
925 2322 996 2360 ὑμῖν
1013 2330 1078 2351 om.
1095 2320 1127 2350 A
1237 2330 1279 2351 20
1303 2320 1455 2361 παρέχειν

131 2365 181 2399 Sl,
198 2375 283 2395 corr.
301 2365 373 2395 ead.
393 2374 434 2395 m.
515 2364 620 2396 εἵνεκα
637 2363 661 2394 S
673 2363 722 2393 A:
749 2363 841 2394 ἕνεκα
859 2364 949 2403 vulg.
1031 2374 1071 2401 24
1098 2362 1167 2403 νῦν]
1186 2364 1295 2395 τοίνυν
1316 2364 1339 2394 S
1413 2372 1455 2403 25

130 2408 192 2440 τίνι
209 2408 306 2439 codd.
323 2419 330 2438 ε
355 2406 379 2448 ᾧ
395 2421 457 2439 τινι
476 2406 584 2446 Blass,
603 2408 692 2446 quod
711 2417 777 2437 non
797 2406 1094 2437 Demosthenicum
1231 2417 1270 2445 27
1296 2408 1391 2438 αὐτὸν
1408 2407 1430 2437 S
1447 2419 1453 2439 ι

130 2452 228 2483 αὐτὸν
245 2453 315 2490 ὑμῖν
331 2450 433 2490 vulg„
451 2451 510 2481 sed
531 2450 570 2480 cf.
590 2450 673 2480 xxiii
691 2460 766 2489 219,
787 2450 866 2489 Lys.
885 2450 930 2479 xii
947 2460 990 2489 39

1478 629 1519 666 57

1484 1628 1528 1664 59

1484 2029 1534 2064 60
