1685 2772
88 118 198 174 [831]

153 653 194 689 57

74 1725 193 1779 [832Ἱ

152 1943 195 1979 59

655 121 1149 160 ΔΗΜΟΣΘΕΝΟΎΣ
1420 116 1558 171 [xxvn

229 230 276 281 ἧν
309 230 466 282 ἀληθές,
493 231 620 272 οἴεσθ’
650 231 718 271 οὐκ
750 231 800 272 ἂν
831 231 953 281 αὐτὴν
980 235 1127 282 λαβεῖν
1163 234 1350 272 δοθεῖσαν
1384 231 1459 273 ὑπὸ
1491 236 1560 273 τοῦ

228 298 393 350 πατρός;
431 297 472 340 ὃς
497 298 569 349 τὴν
586 301 659 350 μὲν
680 298 806 350 προῖκ’
826 299 944 348 αὐτῆς
968 297 1055 349 ἤδη,
1080 299 1150 339 τὰς
1173 297 1415 351 ὀγδοήκοντα
1442 302 1554 350 μνᾶς,

228 365 331 418 ἔχων
368 365 419 407 ὡς
455 364 706 415 συνοικήσων
743 365 852 422 αὐτῇ,
890 364 962 415 τὴν
994 366 1221 406 Φιλωνίδου
1251 369 1319 406 τοῦ
1350 365 1558 408 Μελιτέως

229 431 406 484 θυγατέρ’
440 432 598 484 ἔγημεν·
634 431 832 484 τεττάρων
865 434 907 473 δὲ
939 430 1146 472 ταλάντων
1176 431 1291 473 ἔνδον
1321 434 1459 479 ὄντων,
1496 433 1558 473 καὶ

227 498 333 539 ταῦτ’
353 500 502 549 ἐκείνης
522 499 706 552 ἐχούσης,
734 499 785 541 ὡς
810 499 921 541 οὗτός
948 504 1088 552 φησιν,
1110 499 1178 539 οὐκ
1197 498 1246 540 ἂν
1264 499 1419 552 ἡγεῖσθ’
1440 500 1557 540 αὐτὸν
1577 522 1596 554 5

229 565 299 606 κᾶν
331 567 568 618 ἐπιδραμεῖν,
599 566 705 607 ὥστε
737 565 926 618 γενέσθαι
955 565 1040 617 μετ’
1066 567 1217 616 ἐκείνης
1247 566 1374 607 αὐτῶν
1404 566 1554 619 κύριον;

226 629 249 682 ἢ
268 632 340 683 τὴν
357 635 430 683 μὲν
449 635 628 686 φανερὰν
647 633 801 680 οὐσίαν,
822 632 870 683 ἢν
891 634 954 673 καὶ
973 634 1081 683 ὑμῶν
1100 635 1135 672 οἱ
1161 632 1307 673 πολλοὶ
1331 631 1557 689 συνῄδεσαν

226 700 286 739 ὅτι
326 701 578 752 κατελείφθη,
621 702 720 751 μετὰ
760 704 840 740 τῶν
881 700 1180 751 συνεπιτρόπων
1220 701 1343 743 οὕτως
1379 701 1557 754 αἶσχρως

226 765 453 817 διήρπασεν,
494 769 548 808 ὧν
591 767 623 807 δ’
664 767 732 807 οὐκ
775 766 957 818 ἐμέλλεθ’
997 768 1106 817 ὑμεῖς
1142 766 1308 807 ἔσεσθαι
1349 766 1554 820 μάρτυρες,

225 832 414 886 ἀπέσχετ’
439 833 486 874 ἂν
506 831 595 883 ἐξὸν
620 835 721 889 αὐτῷ
742 838 908 885 λαβεῖν;
945 832 1007 874 καὶ
1031 834 1089 875 τίς
1115 832 1162 874 ἂν
1182 834 1454 882 πιστεύσειεν,·
1488 835 1557 875 οὐκ
1579 855 1618 876 10

225 899 334 940 ἔστιν
367 900 484 947 ταῦτ’,
516 899 544 941 ὦ
583 901 719 953 ἄνδρες
756 902 952 948 δικασταί,
990 900 1058 941 οὐκ
1095 900 1220 947 ἔστιν,
1258 901 1366 941 ἀλλὰ
1401 903 1451 941 τὰ
1485 903 1557 953 μὲν

223 965 417 1019 χρήματα,
441 969 519 1008 ὅσα
544 968 753 1009 κατέλιπεν
778 969 798 1007 ὁ
825 967 965 1020 πατήρ,
987 967 1115 1008 πάντα
1139 967 1291 1017 τούτοις
1317 968 1554 1020 παρέδωκεν,

226 1033 337 1075 οὗτος
372 1033 417 1080 δ’,
450 1034 499 1075 ἵν’
529 1035 645 1086 ἧττον
682 1037 833 1086 ἐλεηθῶ
868 1034 958 1087 παρ’
987 1036 1090 1086 ὑμῖν,
1115 1035 1267 1078 τούτοις
1302 1039 1384 1077 τοῖς
1418 1036 1556 1087 λόγοις

225 1099 429 1154 χρήσεται.

294 1170 437 1208 Πολλὰ
464 1170 537 1219 μὲν
562 1168 630 1210 οὖν
656 1169 773 1222 ἔγωγ’
799 1170 878 1223 ἔχω
913 1169 975 1210 καὶ
1007 1168 1115 1210 ἄλλα
1146 1169 1288 1210 τούτου
1311 1173 1556 1223 κατηγορεῖν·
1577 1188 1615 1221 15

226 1234 268 1274 ἓν
293 1237 334 1275 δὲ
358 1236 446 1288 περὶ
478 1235 640 1278 πάντων
665 1236 886 1289 κεφάλαιον
913 1237 1046 1283 εἰπών,
1073 1234 1207 1278 πάσας
1235 1236 1355 1277 αὐτοῦ
1378 1236 1556 1278 διαλύσω

223 1302 294 1343 τὰς
322 1302 556 1355 ἀπολογίας.
616 1304 741 1358 τούτῳ
771 1305 847 1356 γὰρ
880 1302 974 1354 ἐξῆν
1005 1304 1128 1355 μηδὲν
1158 1303 1268 1356 ἔχειν
1300 1303 1449 1344 τούτων
1476 1307 1556 1344 τῶν

223 1368 474 1420 πραγμάτων,
496 1370 749 1421 μισθώσαντι
767 1370 838 1410 τὸν
853 1370 963 1411 οἷκον
979 1371 1077 1411 κατὰ
1093 1369 1276 1411 τουτουσὶ
1293 1370 1383 1414 τοὺς
1397 1370 1556 1423 νόμους.

222 1437 329 1487 λαβὲ
353 1435 443 1479 τοὺς
465 1436 607 1488 νόμους
635 1437 698 1479 καὶ
723 1436 936 1490 ἀνάγνωθι.

817 1591 963 1618 ΝΟΜΟῙ.
1577 1602 1616 1625 20

291 1667 401 1705 Κατὰ
433 1665 593 1707 τούτους
626 1665 716 1707 τοὺς
747 1662 890 1716 νόμους
914 1663 1136 1718 Ἀντιδώρῳ
1166 1666 1239 1715 μὲν
1265 1665 1307 1705 ἐκ
1338 1669 1455 1717 τριῶν
1484 1682 1551 1706 τα-

224 1731 379 1773 λάντων
405 1734 467 1773 καὶ
494 1733 729 1786 τρισχιλίων
756 1734 797 1772 ἐν
826 1730 872 1781 ἓξ
893 1731 1024 1772 ἔτεσιν
1057 1730 1103 1781 ἓξ
1131 1730 1306 1772 τάλαντα
1338 1733 1400 1773 καὶ
1430 1732 1553 1774 πλέον

225 1800 267 1839 ἐκ
299 1803 368 1839 τοῦ
399 1802 647 1850 μισθωθῆναι
680 1800 889 1851 παρεδόθη,
926 1798 988 1838 καὶ
1021 1796 1128 1837 ταῦθ’
1159 1799 1266 1849 ὑμῶν
1296 1801 1400 1841 τινὲς
1434 1799 1551 1840 εἶδον·

226 1865 427 1918 Θεογένης
459 1868 534 1918 γὰρ
569 1867 588 1905 ὁ
622 1867 913 1919 Προβαλίσιος,
950 1866 970 1904 ὁ
1001 1864 1307 1916 μισθωσάμενος
1339 1867 1457 1907 αὐτοῦ
1485 1866 1552 1907 τὸν

225 1932 345 1978 οἶκον,
373 1935 415 1973 ἐν
439 1938 486 1990 τῇ
512 1935 636 1988 ἀγορᾷ
658 1937 779 1974 ταῦτα
803 1935 850 1973 τὰ
881 1932 1047 1986 χρήματ’
1074 1932 1345 1986 ἐξηρίθμησεν.
1406 1933 1493 1984 ἐμοὶ
1517 1933 1550 1973 δ’
1574 1949 1612 1980 25

226 2000 266 2039 ἐκ
303 1999 498 2052 τεττάρων
537 2001 598 2041 καὶ
634 2000 727 2041 δέκα
759 2000 964 2040 ταλάντων
997 2002 1039 2040 ἐν
1075 2000 1153 2040 δέκ’
1188 2000 1320 2041 ἔτεσιν
1353 2004 1450 2053 πρὸς
1482 2000 1552 2041 τὸν

223 2067 369 2118 χρόνον
388 2084 431 2108 τε
457 2068 518 2108 καὶ
544 2068 614 2118 τὴν
635 2069 784 2108 ἐκείνου
802 2069 1003 2118 μίσθωσιν
1024 2067 1148 2108 πλέον
1173 2064 1196 2117 ἢ
1216 2068 1434 2119 τριπλάσια
1454 2069 1552 2108 κατὰ

267 2186 285 2206 2
309 2176 442 2217 πατρός,·
466 2175 621 2207 distinxit
640 2176 776 2215 Sandys
931 2186 951 2216 5
975 2178 1014 2209 ὡς
1032 2186 1115 2207 sscr.
1135 2176 1159 2206 S
1324 2178 1345 2207 6
1369 2177 1466 2208 αὐτὸν
1482 2176 1551 2207 AF
1603 2175 1607 2178 ’

225 2229 242 2258 7
266 2221 294 2251 οἱ
310 2222 425 2252 πολλοὶ
445 2219 468 2250 S
485 2231 492 2250 z
515 2221 633 2251 πολλοὶ
654 2219 685 2249 Α
700 2220 771 2250 Fet
781 2219 863 2250 xxix
876 2229 918 2259 49
929 2230 1048 2251 omnes
1173 2231 1194 2259 9
1218 2219 1277 2260 ὧν]
1290 2218 1368 2257 ἦςΑ
1434 2225 1549 2252 εσεσθε

224 2264 248 2293 S
340 2273 378 2292 12
404 2263 523 2303 πάντα]
535 2265 637 2295 ταῦτα
649 2262 673 2293 S
767 2272 804 2302 13
829 2262 856 2294 δ’
869 2273 934 2293 orn.
945 2263 996 2300 Sl,
1011 2264 1089 2294 add.
1100 2273 1184 2294 sscr.
1201 2264 1273 2293 ead.
1287 2273 1329 2294 m.
1400 2263 1549 2302 ἐλεοίμην

223 2306 247 2336 S
263 2319 313 2347 γρ.
432 2314 469 2345 15
495 2306 560 2346 ἔχω
579 2316 621 2336 ex
639 2306 709 2347 ἔχοι
728 2306 751 2336 S
871 2316 909 2336 21
936 2307 1010 2338 τοὺς
1028 2306 1140 2346 νόμους
1158 2316 1222 2336 om.
1242 2306 1266 2337 S
1385 2317 1425 2336 22
1450 2307 1550 2338 πλέον

221 2349 251 2380 Α
267 2360 274 2380 :
298 2352 413 2381 πλεῖον
429 2349 519 2388 vulg.
690 2360 730 2388 23
754 2352 822 2381 ἴδον
835 2349 858 2379 S
871 2350 901 2379 A
1077 2350 1119 2379 26
1141 2349 1219 2391 πρός
1235 2363 1271 2381 τε
1288 2350 1346 2381 τὸν
1362 2349 1480 2391 χρόνον
1497 2351 1548 2382 καὶ

222 2392 384 2432 Schmidt,
404 2398 494 2424 reete
513 2398 591 2433 puto
724 2403 764 2431 27
790 2392 889 2425 πλέον
908 2392 945 2424 S¹
958 2393 988 2423 A
1005 2405 1011 2423 :
1036 2395 1149 2425 πλεῖον
1163 2392 1254 2432 vulg.
