1685 2772
149 83 278 138 xxxv]
552 90 713 126 ΠΡΟΣ
760 88 1074 126 ΑΑΚΡιΤΟΝ

146 193 358 243 εὙβλήσιος
378 196 586 243 ναυκληρεῖ.
643 192 861 232 ὑποτιθέασι
887 192 925 230 δὲ
950 195 1076 238 ταῦτα,
1099 195 1163 230 οὐκ
1185 194 1398 241 ὀφείλοντες
1418 193 1478 230 ἐπὶ

147 248 290 288 τούτοις
321 250 426 300 ἄλλῳ
461 248 578 286 οὐδενὶ
606 248 712 286 οὐδὲν
739 248 922 299 ἀργύριον,
953 246 1027 285 οὐδ’
1057 247 1360 286 ἐπιδανείσονται.
1418 248 1478 285 καὶ

149 303 338 348 ἀπάξουσι
347 303 395 341 τὰ
406 303 580 354 χρήματα
592 303 640 340 τὰ
653 305 692 340 ἐκ
711 305 776 340 τοῦ
792 302 936 340 Πόντου
949 301 1283 350 ἀντιφορτισθέντα
1298 301 1478 351 Ἀθήναζε

148 357 264 395 πάλιν
289 360 327 395 ἐν
352 361 402 408 τῷ
423 359 518 407 αὐτῷ
544 357 663 408 πλοίῳ
690 357 844 393 ἅπαντα.
903 355 1095 393 σωθέντων
1119 355 1156 393 δὲ
1183 359 1254 393 τῶν
1280 357 1479 406 χρημάτων

111 422 129 454 5
148 411 338 461 Ἀθήναζε,
364 411 623 449 ἀποδώσουσιν
643 412 677 448 οἵ,
701 410 956 459 δανεισάμενοι
981 413 1058 449 τοῖς
1077 410 1271 447 δανείσασι
1291 411 1334 448 τὸ
1353 411 1477 461 γιγνό-

148 483 259 516 μενον
287 466 459 517 ἀργύριον
487 467 580 503 κατὰ
606 466 673 514 τὴν
702 464 928 516 συγγραφὴν
951 465 1096 514 ἡμερῶν
1116 465 1266 509 εἴκοσιν,
1290 464 1355 513 ἀφ’
1374 464 1417 513 ἧς
1436 464 1480 503 ἂν

149 520 311 558 ἔλθωσιν
347 519 538 569 Ἀθήναζε,
576 520 717 559 ἐντελὲς
749 519 850 567 πλὴν
884 520 1059 568 ἐκβολῆς,
1091 517 1136 566 ἣν
1168 517 1211 557 ἂν
1245 521 1278 556 οἱ
1311 520 1481 569 σύμπλοι

149 575 406 624 ψηφισάμενοι
426 576 530 624 κοινῇ
547 574 791 622 ἐκβάλωνται,
810 573 870 610 καὶ
890 573 934 611 ἄν
952 590 988 611 τι
1005 573 1198 622 πολεμίοις
1219 574 1480 611 ἀποτείσωσιν·

148 632 220 667 τῶν
246 628 276 666 δ’
305 629 431 666 ἄλλων
457 629 628 666 ἁπάντων
654 627 806 667 ἐντελές.
870 628 929 664 καὶ
952 628 1158 676 παρέξουσι
1183 630 1259 667 τοῖς
1288 628 1481 666 δανείσασι

98 699 135 720 10
149 683 215 732 τὴν
233 683 425 732 ὑποθήκην
451 683 643 731 ἀνέπαφον
670 683 822 731 κρατεῖν,
847 683 911 722 ἕως
938 681 982 719 ἂν
1006 682 1174 720 ἀποδῶσι
1200 683 1242 720 τὸ
1263 683 1482 734 γιγνόμενον

150 738 324 789 ἀργύριον
355 738 448 775 κατὰ
480 737 548 787 τὴν
581 737 819 788 συγγραφήν.
880 738 941 775 ἐὰν
976 737 1013 774 δὲ
1046 737 1099 787 μὴ
1139 736 1327 774 ἀποδῶσιν
1361 740 1399 775 ἐν
1431 740 1481 788 τῷ

150 793 376 844 συγκειμένῳ
403 792 535 843 χρόνῳ,
563 792 610 829 τὰ
638 792 857 840 ὑποκείμενα
885 794 960 831 τοῖς
987 791 1203 830 δανείσασιν
1229 792 1365 837 ἐξέστω
1393 793 1482 829 ὖπο-

151 847 266 886 θεῖναι
287 847 347 884 καὶ
367 846 578 884 ἀποδόσθαι
597 848 662 895 τῆς
681 846 923 897 ὑπαρχούσης
949 848 1069 896 τιμῆς·
1104 847 1164 884 καὶ
1185 847 1247 884 ἐάν
1265 863 1301 884 τι
1325 846 1481 896 ἐλλείπῃ

150 904 215 940 τοῦ
237 901 420 952 ἀργυρίου,
441 900 460 938 ὃ
477 901 530 939 δεῖ
540 901 714 952 γενέσθαι
734 903 810 941 τοῖς
830 900 1027 939 δανείσασι
1049 902 1141 940 κατὰ
1155 901 1222 949 τὴν
1243 901 1480 952 συγγραφήν,

95 968 131 1000 15
150 957 252 1006 παρὰ
263 955 490 1006 Ἀρτέμωνος
509 956 568 993 καὶ
587 955 877 1005 Ἀπολλοδώρου
897 956 993 993 ἔστω
1009 957 1032 1005 ἡ
1050 957 1180 1005 πρᾶξις
1194 958 1269 996 τοῖς
1289 955 1482 994 δανείσασι

152 1011 212 1049 καὶ
231 1013 271 1048 ἐκ
289 1013 360 1049 τῶν
385 1011 523 1049 τούτων
549 1011 729 1056 ἁπάντων,
753 1010 812 1048 καὶ
832 1010 983 1062 ἐγγείων
1006 1011 1065 1048 καὶ
1085 1013 1271 1055 ναυτικῶν,
1292 1013 1482 1061 πανταχοῦ

151 1065 244 1103 ὅπου
265 1064 309 1104 ἂν
328 1065 406 1113 ὦσι,
432 1065 596 1114 καθάπερ
624 1065 728 1113 δίκην
754 1065 987 1114 ὠφληκότων
1015 1065 1075 1102 καὶ
1100 1066 1337 1115 ὑπερημέρων
1357 1066 1481 1110 ὄντων,

153 1120 213 1157 καὶ
242 1120 294 1158 ἑνὶ
323 1120 478 1170 ἑκατέρῳ
502 1122 572 1157 τῶν
601 1119 846 1158 δανεισάντων
876 1119 937 1156 καὶ
971 1121 1206 1169 ἀμφοτέροις.
1265 1121 1329 1158 ἐὰν
1359 1119 1398 1158 δὲ
1430 1119 1482 1169 μὴ

153 1175 380 1223 εἰσβάλωσι,
413 1175 599 1223 μείναντες
633 1173 692 1211 ἐπὶ
727 1174 805 1212 κυνὶ
838 1174 976 1223 ἡμέρας
1010 1174 1096 1211 δέκα
1130 1178 1166 1212 ἐν
1199 1173 1482 1225 Ἑλλησπόντῳ,

95 1242 133 1264 20
153 1229 364 1278 ἐξελόμενοι
400 1228 493 1266 ὅπου
532 1227 576 1266 ἂν
613 1228 665 1278 μὴ
700 1231 815 1266 σῦλαι
853 1228 944 1266 ὦσιν
974 1228 1194 1277 Ἀθηναίοις,
1231 1228 1290 1266 καὶ
1319 1228 1484 1267 ἐντεῦθεν

153 1283 477 1322 καταπλεύσαντες
509 1281 689 1332 Ἀθήναζε
719 1282 803 1322 τοὺς
834 1282 965 1323 τόκους
997 1283 1207 1321 ἀποδόντων
1236 1283 1320 1322 τοὺς
1352 1283 1485 1332 πέρυσι

152 1338 362 1386 γραφέντας
381 1340 430 1377 εἷς
448 1337 516 1385 τὴν
536 1337 776 1388 συγγραφήν.
836 1338 900 1375 ἐὰν
920 1337 960 1375 δέ
977 1354 1012 1374 τι
1031 1339 1054 1386 ἡ
1068 1340 1153 1377 ναῦς
1164 1336 1265 1387 πάθῃ
1282 1337 1484 1386 ἀνήκεστον

155 1394 192 1428 ἐν
211 1389 235 1441 ᾗ
255 1390 299 1429 ἂν
317 1392 415 1442 πλέῃ
433 1392 479 1428 τὸ.
497 1392 682 1441 χρήματα,
705 1391 871 1440 σωτηρία
891 1391 921 1430 δ’
943 1392 1048 1429 ἔσται
1072 1395 1144 1430 τῶν
1164 1391 1418 1440 ὑποκειμένων,
1439 1392 1485 1429 τὰ

153 1445 417 1497 περιγενόμενα
445 1447 547 1484 κοινὰ
576 1446 673 1484 ἔστω
702 1448 780 1485 τοῖς
806 1445 1033 1484 δανείσασιν.
1093 1446 1306 1496 κυριώτερον
1335 1445 1373 1483 δὲ
1400 1446 1484 1495 περὶ

96 1508 133 1539 ²5
154 1499 291 1538 τούτων
311 1501 409 1538 ἄλλο
428 1500 542 1549 μηδὲν
563 1500 653 1538 εἶναι
672 1502 737 1549 τῆς
758 1502 993 1552 συγγραφῆς.

208 1555 402 1604 Μάρτυρες
430 1555 601 1605 Φορμίων
628 1556 833 1604 Πειραιεύς,
856 1555 1122 1604 Κηφισόδοτος
1149 1554 1333 1600 Βοιώτιος,
1355 1553 1483 1592 “Ηλιό·-

156 1608 267 1658 δωρος
288 1609 433 1649 Πιθεύς.

224 1725 326 1774 Λέγε
351 1722 397 1772 δὴ
425 1722 487 1762 καὶ
511 1723 581 1763 τὰς
604 1723 826 1773 μαρτυρίας.

204 1841 263 1861 1-2
288 1832 379 1871 ἄλλῳ
396 1831 498 1863 οὐδενὶ
517 1832 565 1863 ἐπὶ
583 1830 708 1862 τούτοις
726 1828 767 1861 Fb
778 1829 825 1869 Qb
839 1828 886 1860 Db
964 1840 984 1868 3
1007 1830 1050 1862 τὰ
1068 1828 1119 1870 ἐκ]
1137 1829 1178 1860 τὰ
1194 1838 1259 1860 om.
1277 1828 1309 1859 A
1327 1826 1368 1859 Fb
1378 1827 1425 1867 Qb
1440 1827 1487 1858 Db

156 1884 220 1913 3—4
245 1874 341 1906 πάλιν
358 1873 509 1913 Ἀθήναζε
528 1874 553 1904 F
566 1874 596 1912 Q
613 1874 641 1903 D
775 1876 796 1904 6
820 1878 898 1904 ante
915 1874 1040 1914 ἡμερῶν
1058 1872 1227 1903 excidisse
1245 1872 1375 1912 δόκιμον
1391 1876 1486 1911 putat

159 1918 257 1948 BlaSS
274 1918 346 1949 coll.
368 1920 383 1955 ξ
402 1928 442 1957 24
532 1927 548 1956 7
573 1917 627 1956 ἣν]
646 1915 683 1954 ἧς
699 1916 731 1947 Α
819 1918 839 1947 8
863 1919 952 1959 κοινῇ
965 1920 1044 1958 ψηφ.
1059 1913 1254 1954 AFbeDb
1321 1915 1485 1952 βάλωνται

159 1961 190 1991 Α
280 1962 476 1993 ἀποτίσωσιν
491 1960 522 1990 Α
537 1961 576 1990 1³⁵²
587 1960 634 1999 ΩΒ·
648 1960 694 1990 D⁸¹
709 1971 716 1990 :
743 1960 896 1993 ἐκτίσωσι
915 1959 957 1990 Fb
967 1958 1014 1998 ΩΙ)
1026 1959 1073 1989 Db
1205 1970 1226 1998 9
1250 1959 1276 1991 δ’
1292 1969 1355 1989 om.
1373 1959 1398 1989 F
1411 1959 1441 1997 Q
1455 1958 1484 1988 D

161 2014 200 2035 10
224 2007 353 2045 κρατεῖν
368 2014 433 2035 om.
454 2004 494 2033 Fa
505 2003 552 2042 Qa
564 2004 610 2033 Da
769 2014 803 2033 11
832 2006 865 2035 ἐν
882 2014 946 2034 om.
965 2003 996 2033 A
1153 2013 1189 2041 14
1213 2004 1230 2035 ὃ
1250 2003 1274 2033 F
1288 2003 1317 2041 Q
1331 2002 1378 2031 D:
1404 2001 1439 2033 οὗ
1455 2001 1485 2031 Α

157 2049 302 2088 γίνεσθαι
319 2047 350 2077 Α
485 2056 522 2085 15
546 2048 628 2088 παρὰ
644 2046 675 2076 Α
689 2044 730 2077 Fb
742 2046 790 2085 Qb
802 2045 870 2078 Db:
895 2047 977 2078 κατὰ
996 2046 1037 2076 Fa.
1049 2046 1096 2085 Qa
1108 2046 1155 2077 Da
1168 2045 1209 2076 Fb
1226 2057 1327 2081 corr„
1347 2047 1486 2076 fluctuat

159 2091 413 2130 inscriptionum
432 2100 513 2121 usus
594 2091 613 2128 ἡ
631 2100 696 2120 om.
716 2089 748 2119 A
852 2100 894 2120 20
918 2093 1014 2122 σῦλαι
1029 2090 1117 2129 vulg.
1141 2089 1308 2129 Harpocr.
1327 2101 1334 2119 ι
1359 2088 1486 2122 σύλαΑ

159 2144 201 2172 23
226 2135 365 2176 σωτηρία
383 2133 409 2165 δ’
424 2134 516 2165 ἔσται
533 2157 540 2164 .
560 2157 568 2164 .
588 2157 595 2165 .
614 2134 655 2165 τὰ
674 2133 726 2163 A:
752 2145 782 2164 ‹r.
803 2133 887 2165 ἔστω
907 2157 912 2164 .
932 2157 939 2163 .
961 2157 968 2164 .
987 2133 1027 2164 τὰ
1044 2132 1079 2165 δὲ
1097 2133 1122 2163 F
1135 2133 1166 2171 Q
1179 2133 1231 2164 D:
1257 2136 1300 2172 (o'.
1320 2132 1347 2164 δ’
1364 2131 1482 2170 ἔσται),

160 2179 225 2208 τῶν
245 2176 456 2216 ὑποκειμένων
474 2179 514 2208 τὰ
540 2177 626 2208 coni.
651 2176 856 2215 Sieveking:
882 2177 1022 2218 σωτήρια
1049 2177 1132 2208 ἔστω
1152 2200 1160 2207 .
1180 2199 1189 2208 .
1207 2200 1214 2207 .
1235 2179 1276 2208 τὰ
1296 2176 1329 2208 δὲ
1351 2176 1486 2214 Sandys

161 2221 268 2250 26-28
304 2220 467 2261 Μάρτυρες
495 2229 600 2259 usque
626 2220 666 2250 ad
695 2221 865 2260 μαρτυρίας
891 2230 955 2250 om.
982 2220 1012 2249 A
1170 2221 1212 2250 26
1247 2218 1484 2260 Κηφισόδοτος]

163 2263 386 2304 Κηφισόδωρος
412 2261 511 2301 1:be
526 2260 572 2292 Db
662 2273 701 2302 27
727 2262 860 2295 Πιτθεύς
877 2263 973 2294 codd.
993 2263 1045 2293 hic
1063 2268 1097 2293 et
1115 2265 1130 2300 5
1152 2273 1189 2301 14
1291 2267 1305 2300 ξ
1323 2273 1359 2300 14
1376 2272 1441 2293 om.
1461 2262 1485 2292 S

1511 78 1629 133 [926]

1512 203 1550 229 11

1516 750 1556 775 12

1513 1060 1632 1116 [927]

1517 1133 1557 1167 13

1519 1741 1560 1775 14
