1685 2772
73 504 90 536 5

53 839 91 861 10

54 1507 92 1528 20

117 106 264 162 ΧΧΧνι]
482 111 648 149 ’ΥΠΕΡ
695 111 1076 150 ΦΟΡΜΙΩΝΟΣ

114 220 353 275 Χαριδήμου·
390 220 477 262 ποτ’
502 220 610 274 εἶχεν
636 221 772 273 ἀγρόν,
799 220 884 262 εἶτά
914 238 959 273 γε
989 224 1057 262 νῦν
1084 223 1241 262 πολλοί·
1279 225 1446 265 πολλοῖς

114 290 190 341 γὰρ
220 289 367 330 ἐκεῖνος
400 289 577 341 ὀφείλων
602 287 720 328 αὐτὸν
746 286 955 338 ἐκτήσατο.
1019 288 1081 328 καὶ
1113 288 1182 329 τὸν
1211 290 1444 339 Σωσίνομον

114 355 177 395 καὶ
207 354 276 396 τὸν
298 355 527 406 Τιμόδημον
554 355 616 394 καὶ
648 354 740 396 τοὺς
771 354 920 396 ἄλλους
953 356 1197 406 τραπεζίτας,
1229 356 1277 402 οἵ,
1309 355 1442 406 ἐπειδὴ

113 422 288 462 διαλύειν
307 421 472 472 ἐδέησεν
491 422 550 463 οἷς
569 422 758 474 ὤφειλον,
779 421 1004 471 ἐξέστησαν
1022 421 1191 463 ἅπαντες
1209 425 1286 462 τῶν
1305 423 1442 462 ὄντων.

113 488 164 528 σὺ
196 487 230 528 δ’
262 488 374 528 οὐδὲν
400 490 474 528 οἴει
506 491 588 528 δεῖν
613 491 777 528 σκοπεῖν
807 487 886 528 οὐδ’
912 489 967 528 ὧν
993 489 1012 527 ὁ
1044 488 1170 540 πατὴρ
1201 492 1274 528 σοῦ
1304 492 1443 543 πολλῷ

111 556 288 606 βελτίων
313 553 367 596 ὢν
393 555 454 595 καὶ
484 554 645 606 ἄμεινον
675 558 834 607 φρονῶν
864 558 960 607 πρὸς
991 554 1129 595 ἅπαντ’
1156 555 1441 606 ἐβουλεύσατο·

111 622 166 668 ὅς,
199 620 228 662 ὦ
267 624 343 662 Ζεῦ
377 622 439 662 καὶ
472 621 568 668 θεοί,
599 622 776 676 τοσούτῳ
811 625 952 662 τοῦτον
985 621 1121 674 ἡγεῖτο
1154 625 1228 662 σοῦ
1261 623 1442 664 πλείονος

111 688 222 740 ἄξιον
241 688 342 730 εἶναι
368 689 430 729 καὶ
456 688 523 729 σοὶ
548 688 610 729 καὶ
636 691 758 743 ἑαυτῷ
787 689 850 729 καὶ
874 691 956 730 τοῖς
979 688 1180 741 ὑμετέροις
1199 689 1428 742 πράγμασιν

111 755 207 796 ὥστ’
228 755 369 808 ἀνδρὸς
393 757 505 798 ὄντος
527 759 600 796 σοῦ
624 759 775 803 τοῦτον,
796 755 840 796 οὐ
867 757 914 796 σὲ
939 759 1017 796 τῶν
1036 755 1213 807 ἡμίσεων
1234 756 1443 797 κατέλιπεν

112 823 325 875 ἐπίτροπον
365 823 427 864 καὶ
469 822 540 873 τὴν
580 821 731 875 γυναῖκ’
773 823 918 863 ἔδωκεν
953 823 1015 863 καὶ
1052 823 1125 873 ζῶν
1162 822 1277 864 αὐτὸν
1315 824 1440 874 ἐτίμα,

112 890 282 939 δικαίως,
309 887 338 929 ὦ
372 889 508 942 ἄνδρες
532 889 748 941 Ἀθηναῖοι·
786 892 822 930 οἱ
851 892 924 941 μὲν
953 891 1030 942 γὰρ
1061 890 1179 931 ἄλλοι
1210 890 1442 942 τραπεζῖται

110 958 311 1008 μίσθωσιν
335 957 380 997 οὐ
405 956 608 1009 φέροντες,
631 956 722 997 ἀλλ’
742 957 852 997 αὐτοὶ
877 960 1028 998 ἑαυτοῖς
1053 958 1319 1010 ἐργαζόμενοι,
1341 957 1438 998 πάν-

111 1041 175 1065 τες
207 1024 430 1070 ἀπώλοντο,
462 1024 574 1066 οὗτος
607 1026 650 1065 δὲ
681 1025 882 1076 μίσθωσιν
912 1024 1046 1078 φέρων
1075 1025 1142 1064 δύο
1173 1024 1350 1065 τάλαντα
1379 1025 1441 1065 καὶ

111 1090 399 1144 τετταράκοντα
427 1094 527 1142 μνᾶς
558 1092 649 1142 ὑμῖν
679 1091 811 1146 ἔσῳσε
843 1091 914 1142 τὴν
944 1092 1151 1144 τράπεζαν.
1221 1090 1270 1132 ὧν
1294 1094 1441 1134 ἐκεῖνος

110 1160 182 1209 μὲν
206 1156 323 1211 χάριν
349 1158 468 1210 εῖχεν,
497 1157 548 1198 σὺ
572 1158 604 1197 δ’
631 1158 770 1199 οὐδένα
795 1163 903 1199 ποιεῖ
928 1159 1065 1211 λόγον,
1093 1157 1186 1199 ἀλλ’
1210 1160 1370 1199 ἐναντία
1394 1164 1441 1216 τῇ

109 1223 274 1280 διαθήκῃ
302 1225 363 1264 καὶ
383 1228 469 1266 ταῖς
493 1224 560 1265 ἀπ’
587 1225 736 1275 ἐκείνης
761 1226 884 1278 ἀραῖς,
912 1227 1152 1278 γραφείσαις
1175 1225 1251 1266 ὑπὸ
1275 1229 1342 1265 τοῦ
1367 1227 1441 1265 σοῦ

110 1291 269 1343 πατρός,
297 1291 476 1333 ἐλαύνεις
501 1296 766 1344 συκοφαντεῖς
791 1293 955 1334 διώκεις.
1017 1290 1047 1331 ὦ
1071 1291 1268 1343 βέλτιστ’,
1297 1293 1330 1332 εἰ
1355 1292 1440 1332 οἶόν

110 1375 153 1398 τε
179 1360 227 1398 σὲ
251 1357 354 1398 τοῦτ’
381 1359 518 1404 εἰπεῖν,
546 1359 591 1398 οὐ
620 1358 775 1405 παύσει,
797 1360 858 1399 καὶ
883 1359 1031 1411 γνώσει
1056 1355 1176 1405 τοῦθ’,
1193 1360 1252 1399 ὅτι
1278 1361 1440 1399 πολλῶν

108 1424 322 1478 χρημάτων
340 1424 385 1464 τὸ
409 1425 586 1478 χρηστὸν
606 1426 705 1465 εἶναι
723 1424 1057 1477 λυσιτελέστερόν
1077 1427 1207 1472 ἐστιν,·
1247 1426 1311 1466 σοὶ
1330 1429 1437 1478 γοῦν,

111 1493 219 1543 εἴπερ
252 1493 380 1542 ἀληθῆ
413 1491 560 1544 λέγεις,
592 1491 776 1544 χρήματα
811 1494 883 1543 μὲν
912 1491 1073 1532 τοσαῦτ’
1106 1493 1290 1545 εἰληφότι
1326 1491 1440 1533 πάντ’

111 1559 336 1604 ἀπόλωλεν,
367 1558 418 1600 ὡς
456 1557 548 1611 φής·
592 1560 626 1599 εἰ
658 1558 691 1599 δ’
721 1558 812 1610 ἧσθ’
845 1558 1030 1609 ἐπιεικής,
1057 1559 1126 1599 οὐκ
1158 1559 1206 1599 ἄν
1239 1559 1325 1600 ποτ’
1358 1559 1441 1599 αὔτ’

110 1624 334 1675 ἀνήλωσας.

177 1691 292 1732 Ἀλλ’
332 1692 459 1744 ἔγωγε
496 1695 550 1744 μὰ
588 1692 658 1733 τὸν
698 1694 776 1733 Δία
817 1693 878 1733 καὶ
918 1693 1029 1735 θεοὺς
1068 1698 1251 1750 πανταχῇ
1281 1696 1441 1734 σκοπῶν

110 1759 224 1799 οὐδὲν
249 1759 339 1812 ὁρῶ,
362 1759 409 1799 δι’
430 1760 451 1798 ὅ
469 1776 506 1799 τι
531 1759 579 1800 ἂν
600 1760 664 1799 σοὶ
689 1759 920 1802 πεισθέντες
945 1760 1053 1800 τουδὶ
1073 1761 1440 1813 καταψηφίσαιντο.

109 1827 151 1866 τί
171 1825 265 1878 γάρ;
300 1827 360 1866 ὅτι
384 1828 559 1876 πλησίον
585 1828 710 1868 ὄντων
735 1831 813 1867 τῶν
838 1826 1086 1878 ἀδικημάτων
1112 1828 1312 1879 ἐγκαλεῖς,·
1347 1826 1440 1867 ἀλλ’

111 1893 220 1933 ἔτεσι
246 1894 308 1934 καὶ
334 1894 491 1947 χρόνοις
514 1894 682 1946 ὕστερον
707 1895 824 1949 αἰτιᾷ.
876 1893 968 1934 ἀλλ’
989 1895 1049 1934 ὅτι
1067 1896 1205 1934 τοῦτον
1225 1892 1442 1946 ἀπράγμων

153 2012 174 2040 3
198 2003 248 2034 καὶ
274 2002 331 2034 τὸν
358 2001 538 2042 Τιμόδημον
565 2013 629 2034 om.
662 2003 685 2034 S
862 2004 971 2042 ἐπειδὴ
999 2003 1022 2034 S
1050 2013 1137 2034 corr.
1163 2001 1277 2042 vulg.:
1309 2004 1376 2034 ἐπεὶ
1403 2002 1441 2033 Sl

111 2057 132 2083 4
156 2045 295 2078 ἅπαντες
312 2046 434 2085 scripsi
452 2047 526 2077 coll.
547 2049 562 2084 5
581 2057 632 2086 51,
652 2047 710 2077 xlv
725 2047 786 2087 64:
813 2047 961 2079 ἁπάντων
978 2047 1072 2078 codd.
1246 2047 1267 2075 6
1292 2058 1349 2077 σου
1366 2051 1441 2086 post

113 2090 241 2129 ἄμεινον
257 2089 334 2120 add.
353 2088 377 2119 S
389 2089 419 2119 A
518 2100 539 2129 9
562 2091 705 2129 ἡμίσεων
722 2090 754 2120 Α
768 2090 854 2131 Ρ-γρ.
868 2090 898 2129 Q
911 2103 961 2132 γρ.
981 2101 988 2121 t
1012 2094 1222 2129 ημισθωσεων
1239 2089 1277 2120 Sl
1294 2100 1300 2119 :
1323 2091 1441 2128 μισθώ·

114 2146 196 2164 σεων
212 2133 301 2171 vulg.
394 2133 585 2165 κατέλειπεν
602 2133 625 2164 S
641 2146 647 2164 :
673 2134 882 2166 καταλείπειν
899 2134 929 2164 Α
1076 2143 1112 2172 15
1137 2135 1221 2165 ποιεῖ
1239 2133 1262 2163 S
1276 2132 1321 2163 A¹
1337 2144 1344 2164 :
1368 2135 1441 2175 ποιῇ

112 2176 144 2206 Α
161 2186 249 2206 corr.
266 2187 272 2206 :
297 2178 397 2208 ποιεῖς
414 2176 503 2215 vulg.
696 2178 734 2206 16
759 2178 892 2210 ἐκείναις
910 2177 934 2208 S
1077 2179 1135 2208 σοῦ
1153 2176 1177 2207 S
1191 2177 1221 2207 A
1238 2188 1244 2208 ε
1269 2186 1333 2207 om.
1351 2176 1440 2214 vulg.

116 2228 153 2258 17
179 2221 394 2261 συκοφαντεῖς
418 2220 540 2252 διώκεις
561 2219 584 2250 S
602 2219 654 2251 A:
691 2222 812 2253 διώκεις
836 2222 1047 2262 συκοφαντεῖς
1068 2221 1169 2259 vulg.‚
1188 2219 1344 2251 Tiberius
1373 2221 1441 2261 περὶ

113 2264 298 2303 Σχημάτων
314 2273 386 2302 cap.
404 2273 442 2302 31
568 2264 672 2302 17—18
702 2263 768 2296 οἶόν
784 2263 837 2305 τε]
855 2277 891 2296 ον
906 2278 943 2295 τε
961 2263 999 2294 S1
1182 2265 1218 2293 18
1243 2263 1358 2295 παύσει
1377 2288 1383 2294 .
1404 2286 1411 2293 .
1431 2285 1439 2294 .

112 2307 233 2346 γνώσει
252 2306 290 2337 Sl
307 2318 314 2338 ε
339 2305 445 2348 παύσῃ
464 2330 471 2337 .
492 2331 498 2337 .
519 2331 525 2337 .
542 2307 652 2349 γνώσῃ
670 2307 759 2345 vulg.
862 2316 901 2347 19
925 2310 1015 2339 ἐστιν
1033 2317 1097 2338 om.
1118 2306 1184 2345 FQ
1197 2307 1226 2336 D
1317 2305 1383 2346 σοὶ]
1403 2306 1443 2337 σὺ

115 2348 153 2424 ἓῙ
165 2349 208 2380 Αι
225 2349 291 2389 FQ
393 2360 433 2389 24
458 2350 544 2382 διατί
566 2349 590 2380 S
601 2349 632 2379 Α
720 2360 761 2390 25
786 2351 834 2382 ὅτι
848 2375 854 2382 .
870 2375 876 2382 .
891 2374 898 2382 .
913 2349 1080 2391 ἐγκαλεῖς]
1099 2351 1148 2381 ὅτι
1166 2352 1218 2381 οὐ.
1232 2376 1238 2382 .
1255 2374 1262 2382 .
1279 2352 1442 2382 ἐνεκαλεῖς

1480 99 1606 156 [959]

1475 1109 1516 1145 52

1476 1705 1517 1741 53
