1685 2772
60 1173 172 1228 [ffifi

636 124 1123 163 ΔΗΜΟΣΘΕΝΟΤΣ
1397 122 1531 177 [ηηι

208 237 321 277 οὐδὲν
343 235 391 276 ἂν
417 235 494 276 ἔδει
527 238 644 275 δικῶν
670 234 759 276 οὐδὲ
793 233 1046 287 ·πραγμάτων’
1084 234 1238 289 ἀπέχρη
1270 236 1344 287 γὰρ
1373 234 1421 276 ἂν
1449 239 1532 279 τοῖς

206 302 270 344 ὑπ’
296 304 454 343 ἐκείνων
480 304 724 354 γνωσθεῖσιν
749 301 946 352 ἐμμένειν,
968 302 1074 342 ὥστε
1097 303 1291 353 μηδεμίαν
1314 302 1407 353 ἡμῖν
1433 302 1533 344 εἶναι

206 370 302 422 πρὸς
336 373 474 409 τοῦτον
509 367 716 421 διαφοράν.
789 368 922 418 ἐπειδὴ
960 367 992 408 δ’
1023 369 1134 410 οὗτος
1170 368 1258 410 τοὺς
1289 371 1361 420 μὲν
1391 373 1532 421 σαφῶς

207 437 358 478 εἰδότας
386 438 434 475 τὰ
462 435 617 487 ἡμέτερ’
645 435 770 487 ἔφυγε
799 437 921 486 μηδὲν
953 438 1164 488 διαγνῶναι
1193 436 1280 487 περὶ
1310 436 1448 482 αὐτῶν,
1476 438 1531 478 εἰς

206 503 238 543 δ’
274 504 372 554 ὑμᾶς
407 503 497 544 τοὺς
533 503 646 543 οὐδὲν
682 506 760 542 τῶν
795 501 999 554 ἡμετέρων
1035 503 1210 555 ἀκριβῶς
1247 501 1532 554 ἐπισταμένους

207 568 410 620 ἐλήλυθεν,
444 568 592 622 ἀνάγκη
624 570 734 610 ἐστὶν
763 570 805 609 ἐν
835 570 926 620 ὑμῖν
955 569 1046 622 παρ’
1072 570 1191 610 αὐτοῦ
1218 572 1429 622 πειρᾶσθαι
1453 574 1531 611 τῶν

206 637 364 677 δικαίων
399 635 622 689 τυγχάνειν.
696 635 782 676 οἶδα
810 639 884 687 μὲν
917 637 997 683 οὖν,
1025 635 1054 677 ὦ
1086 635 1222 688 ἄνδρες
1251 638 1443 683 δικασταί,
1471 638 1532 678 ὅτι

205 703 299 755 πρὸς
325 703 466 754 ἄνδρας
492 704 553 743 καὶ
578 702 714 755 λέγειν
741 703 898 745 ἱκανοὺς
924 703 986 743 καὶ
1013 703 1395 755 παρασκευάσασθαι
1415 707 1528 745 δυνα-

204 769 344 821 μένους
380 771 558 823 χαλεπόν
601 771 711 810 ἐστιν
754 772 809 812 εἷς
849 771 984 823 ἀγῶνα
1026 771 1290 811 καθίστασθαι
1328 772 1415 823 περὶ
1451 775 1530 812 τῶν

205 838 329 877 ὄντων
364 836 559 883 ἁπάντων,
594 836 756 890 ἄπειρον
793 839 888 878 ὄντα
925 836 1157 878 παντάπασι
1192 837 1430 890 πραγμάτων
1467 839 1530 879 διὰ

204 903 275 955 τὴν
304 904 472 954 ἡλικίαν·
510 905 613 955 ὅμως
642 904 695 951 δέ,
728 906 866 956 καίπερ
905 904 1007 945 πολὺ
1044 905 1190 945 τούτων
1225 904 1529 957 καταδεέστερος

205 971 271 1017 ὥν,
302 972 456 1013 πολλὰς
486 972 648 1013 ἐλπίδας
677 971 756 1026 ἔχω
795 972 857 1012 καὶ
890 971 980 1024 παρ’
1008 973 1098 1023 ὑμῖν
1128 971 1337 1023 τεύξεσθαι
1364 975 1440 1012 τῶν
1470 975 1525 1013 δι-

205 1039 322 1079 καίων
348 1039 409 1078 καὶ
433 1037 551 1092 μέχρι
574 1056 620 1091 γε
644 1042 713 1079 τοῦ
736 1040 784 1079 τὰ
802 1038 1049 1092 γεγενημένα
1080 1038 1296 1090 διεξελθεῖν
1322 1039 1384 1079 καὶ
1413 1038 1527 1081 αὐτὸς

204 1105 423 1158 ἀρκούντως
456 1106 571 1157 ἐρεῖν,
606 1106 704 1146 ὥσθ’
729 1107 827 1157 ὑμᾶς
858 1104 947 1157 μήτ’
973 1107 1270 1158 ἀπολειφθῆναι
1299 1109 1376 1146 τῶν
1405 1123 1528 1159 πραγ-

203 1171 337 1223 μάτων
364 1175 460 1224 μηδὲ
500 1172 582 1213 καθ’
623 1173 664 1213 ἓν
700 1172 788 1224 μήτ’
833 1174 1030 1225 ἀγνοῆσαι
1072 1174 1160 1225 περὶ
1202 1174 1256 1214 ὧν
1289 1172 1423 1223 δεήσει
1455 1173 1529 1224 τὴν

203 1241 346 1292 ψῆφον
371 1241 559 1292 ἐνεγκεῖν.
631 1239 767 1291 δέομαι
791 1240 824 1280 δ’
851 1242 972 1288 ὑμῶν,
1001 1238 1030 1279 ὦ
1065 1240 1202 1292 ἄνδρες
1227 1241 1422 1286 δικασταί,
1444 1240 1529 1292 μετ’

205 1306 356 1349 εὐνοίας
381 1306 425 1347 τέ
448 1324 521 1358 μου
547 1307 726 1354 ἀκοῦσαι,
754 1307 824 1348 κᾶν
853 1307 1065 1357 ἠδικῆσθαι
1098 1310 1210 1352 δοκῶ,
1238 1308 1445 1358 βοηθῆσαί
1463 1324 1531 1358 μοι

205 1375 253 1413 τὰ
278 1375 419 1414 δίκαια.
491 1373 708 1425 ποιήσομαι
740 1374 773 1414 δ’
803 1374 854 1416 ὡς
886 1373 934 1414 ἂν
967 1374 1138 1425 δύνωμαι
1172 1376 1234 1414 διὰ
1267 1373 1530 1427 βραχυτάτων

204 1439 294 1482 τοὺς
318 1441 473 1493 λόγους.
543 1442 633 1481 ὅθεν
659 1442 726 1481 οὖν
757 1442 884 1496 ῥᾷστα
915 1440 1148 1492 μαθήσεσθε
1177 1442 1264 1494 περὶ
1295 1442 1434 1489 αὐτῶν,
1465 1442 1528 1483 ἐν·

203 1510 337 1548 τεῦθεν
361 1509 459 1558 ὑμᾶς
485 1508 546 1548 καὶ
572 1509 648 1560 ἐγὼ
675 1512 829 1560 πρῶτον
854 1508 1095 1561 πειράσομαι
1120 1508 1331 1549 διδάσκειν.

271 1574 531 1625 Δημοσθένης
556 1577 631 1627 γὰρ
656 1575 774 1626 οὑμὸς
799 1575 940 1628 πατήρ,
968 1574 997 1616 ὦ
1029 1575 1165 1627 ἄνδρες
1194 1577 1388 1621 δικασταί,
1417 1574 1526 1617 κατέ-

201 1646 318 1682 λιπεν
344 1642 483 1682 οὐσίαν
506 1644 578 1693 μὲν
603 1645 752 1696 σχεδὸν
774 1642 971 1695 τεττάρων
998 1643 1060 1682 καὶ
1090 1642 1182 1683 δέκα
1211 1641 1430 1689 ταλάντων,
1459 1644 1530 1694 ἐμὲ

203 1707 236 1748 δ’
261 1707 344 1748 ἕπτ’
370 1710 466 1749 ἐτῶν
491 1711 585 1749 ὄντα
611 1710 672 1750 καὶ
696 1710 769 1761 τὴν
793 1709 975 1762 ἀδελφὴν
994 1709 1123 1755 πέντε,
1151 1709 1208 1749 ἔτι
1233 1711 1275 1750 δὲ
1300 1709 1370 1759 τὴν
1389 1708 1526 1761 ἡμετέ-

200 1792 274 1827 ραν
297 1774 444 1827 μητέρα
469 1775 710 1827 πεντήκοντα
738 1780 836 1828 μνᾶς
867 1778 920 1818 εἷς
950 1776 1019 1817 τὸν
1045 1776 1153 1816 οἶκον
1183 1775 1526 1829 εἰσενηνεγμένην.

201 1842 525 1894 βουλευσάμενος
555 1846 596 1884 δὲ
622 1844 710 1897 περὶ
734 1845 857 1895 ἡμῶν,
886 1843 942 1884 ὅτ’
971 1843 1115 1894 ἔμελλε
1143 1846 1344 1889 τελευτᾶν,
1371 1843 1527 1884 ἅπαντα

201 1908 306 1948 ταῦτ’
345 1911 588 1963 ἐνεχείρισεν
626 1911 797 1966 Ἀφόβῳ
835 1928 878 1951 τε
916 1910 1054 1964 τουτῳὶ
1092 1910 1155 1950 καὶ
1192 1913 1438 1962 Δημοφῶντι
1471 1913 1526 1965 τῷ

204 1974 394 2026 Δήμωνος
410 1979 494 2024 υἱεῖ,
516 1979 671 2018 τούτοιν
686 1980 758 2029 μὲν
776 1979 1007 2030 ἀδελφιδοῖν
1027 1978 1170 2022 ὄντοιν,
1188 1980 1240 2031 τῷ
1257 1978 1330 2027 μὲν
1346 1976 1393 2027 ἐξ
1407 1978 1522 2017 ἀδελ-

203 2045 293 2094 φοῦ,
320 2045 371 2098 τῷ
402 2043 434 2084 δ’
473 2044 519 2095 ἐξ
550 2047 727 2098 ἀδελφῆς
760 2044 1003 2097 γεγονότοιν,
1039 2044 1094 2084 ἔτι
1131 2045 1173 2083 δὲ
1210 2044 1439 2099 Θηριππίδῃ
1471 2046 1524 2097 τῷ

202 2111 398 2156 Παιανιεῖ,
434 2111 539 2163 γένει
571 2114 643 2163 μὲν
672 2113 785 2152 οὐδὲν
818 2109 1072 2163 προσήκοντι,
1108 2110 1215 2164 φίλῳ
1248 2109 1282 2148 δ’
1313 2110 1355 2149 ἐκ
1387 2109 1525 2153 παιδὸς

244 2221 266 2250 6
298 2224 462 2262 πειρᾶσθαι
493 2232 555 2252 om.
590 2221 638 2260 8¹,
670 2226 747 2251 ante
776 2222 847 2260 παρ’
872 2220 949 2251 add.
978 2220 1012 2249 in
1045 2228 1109 2257 mg.
1144 2229 1187 2249 m.
1223 2228 1303 2256 rec„
1332 2218 1374 2250 cs.
1405 2229 1475 2249 xxx
1502 2228 1524 2258 3

203 2266 239 2301 βξ
258 2274 331 2303 2-3,
351 2265 390 2295 cf.
411 2264 494 2295 Isae.
514 2266 579 2296 viii.
597 2275 615 2303 5
692 2275 709 2303 7
735 2264 799 2303 ὅτι]
817 2264 866 2295 ὅτι
883 2265 932 2295 καὶ
951 2262 1002 2301 8¹,
1016 2273 1099 2293 corr.
1116 2263 1188 2294 ead.
1206 2272 1247 2293 rn.
1329 2271 1367 2291 12
1393 2263 1524 2295 ἐλπίδας

200 2317 266 2338 om.
286 2307 323 2337 Sl
413 2308 484 2348 παρ’
502 2311 586 2347 ὑμῶν
603 2308 633 2338 Α
653 2308 769 2339 Isaeus
885 2307 924 2336 16
947 2308 1123 2347 διενεγκεῖν
1142 2305 1167 2335 F
1281 2315 1319 2343 17
1342 2304 1383 2336 τέ
1392 2319 1451 2344 μου
1469 2305 1524 2336 A:

201 2364 237 2382 τε
253 2364 312 2390 μου
330 2350 353 2381 S
369 2362 375 2381 ε
398 2353 430 2391 ’γ’
449 2354 523 2390 ἐμοῦ
542 2352 566 2382 F
714 2361 753 2390 19
777 2351 847 2383 ὅθεν
864 2351 890 2382 δ’
907 2351 961 2382 οὖν
977 2350 1007 2380 Α
1149 2359 1187 2379 21
1216 2349 1408 2381 κατέλειπεν
1425 2349 1459 2389 S,
1480 2348 1522 2381 cf.

200 2396 238 2431 §§
256 2395 286 2432 8,
303 2405 334 2433 9,
354 2404 407 2432 32,
424 2406 466 2433 49
580 2397 622 2426 26
646 2395 748 2426 τούτω
767 2394 823 2436 (S)
842 2393 895 2424 vel
913 2393 1017 2434 τούτῳ
1032 2393 1127 2423 codd.
1142 2403 1148 2422 ε
1174 2402 1260 2424 corr.
1276 2391 1373 2423 Blass
1483 2402 1524 2432 27

201 2438 344 2476 Δήμονος
361 2437 385 2468 S
395 2438 427 2467 A
437 2438 463 2468 F

1550 515 1569 548 5

1552 860 1591 884 10

1552 1187 1590 1221 15

1549 1525 1589 1548 20

1547 1858 1587 1892 25
