1685 2772
112 73 244 138 xxxv]
515 79 674 117 ΠΡΟΣ
722 79 1039 117 AAKPITON
1479 70 1599 125 [930]

671 208 881 235 ΜΑΡΤΎῬΙΑ.

158 276 326 328 ''Apa-roe
371 277 690 326 εΑλικαρνασσεὺς
736 280 914 327 μαρτυρεῖ
958 278 1124 316 δανεῖσαι
1170 277 1445 331 Ἀπολλοδώρῳ

110 333 236 370 ἕνδεκα
255 336 348 382 μνᾶς
369 332 542 383 ἀργυρίου
569 332 629 369 ἐπὶ
647 333 696 382 τῇ
723 333 895 382 ἐμπορίᾳ,
915 331 959 380 ἢν
985 333 1075 383 ἦγεν
1096 335 1133 370 ἐν
1159 334 1207 382 τῇ
1232 333 1445 382 (Ὑβλησίου

110 387 170 435 νηὶ
205 389 254 426 εἷς
285 387 350 424 τὸν
382 386 538 434 Πόντον,
573 387 633 423 καὶ
661 389 738 426 τοῖς
767 386 903 424 ἐκεῖθεν
934 386 1262 438 ἀνταγορασθεῖσι,
1300 388 1360 425 καὶ
1392 388 1444 437 μὴ

71 450 90 483 5
112 441 244 479 εἰδέναι
263 441 374 478 αὐτὸν
394 440 674 489 δεδανεισμένον
692 442 792 489 παρὰ
811 439 1070 489 Ἀνδροκλέους
1097 441 1280 492 ἀργύριον·
1311 444 1353 480 οὐ
1372 444 1445 494 γὰρ

110 494 154 533 ἂν
174 495 340 532 δανεῖσαι
359 494 466 534 αὐτὸς
485 493 760 546 Ἀπολλοδώρῳ
780 495 822 533 τὸ
844 495 1027 546 ἀργύριον.

178 613 228 651 Αἱ
252 613 324 662 μὲν
350 612 582 663 πανουργίαι
604 615 780 651 τοιαῦται
803 615 882 652 τῶν
908 612 1125 663 ἀνθρώπων
1154 612 1303 653 τούτων
1328 614 1443 654 εἰσίν.
1477 629 1521 662 24

110 677 330 731 γέγραπται
347 679 390 718 δὲ
407 680 506 728 μετὰ
525 682 646 718 ταῦτα
666 680 708 718 ἐν
725 684 773 735 τῇ
793 683 1020 735 συγγραφῇ,
1040 676 1069 718 ὦ
1090 678 1227 730 ἄνδρες
1248 681 1440 726 δικασταί,

111 746 270 786 ἐπειδὰν
296 746 518 785 ἀποδῶνται
540 747 581 785 ἐν
599 749 653 800 τῷ
678 746 821 800 Πόντῳ
847 746 871 785 ἃ
890 744 1000 797 ἦγον,
1023 745 1145 786 πάλιν
1165 746 1444 799 ἀνταγοράζειν

51 834 91 857 10
109 811 290 867 χρήματα
317 812 381 853 καὶ
404 812 752 865 ἀντιφορτίζεσθαι
778 812 840 852 καὶ
859 811 1028 864 ἀπάγειν
1046 811 1239 863 Ἀθήναζε
1263 815 1311 853 τὰ
1336 815 1441 854 ἀντι-
1479 812 1591 869 [931]

111 878 389 932 φορτισθέντα,
430 880 492 920 καὶ
529 880 687 920 ἐπειδὰν
725 879 947 931 ἀφίκωνται
984 878 1187 929 Ἀθήναζε,
1229 881 1443 921 ἀποδοῦναι

110 947 261 987 εἴκοσιν
275 946 430 997 ἡμερῶν
444 950 489 986 τὸ
508 946 692 998 ἀργύριον
707 947 800 998 ἡμῖν
818 947 992 997 δόκιμον·
1020 947 1093 989 ἕως
1109 946 1142 986 δ’
1161 947 1209 987 ἂν
1226 947 1441 996 ἀποδῶσιν,

111 1017 266 1066 κρατεῖν
297 1017 375 1053 τῶν
407 1012 618 1066 χρημάτων
647 1013 761 1064 ἡμᾶς,
795 1013 859 1054 καὶ
886 1012 1075 1066 ἀνέπαφα
1103 1018 1225 1054 ταῦτα
1255 1014 1443 1068 παρέχειν

109 1080 281 1127 τούτους,
307 1080 380 1122 ἕως
404 1079 452 1121 ἂν
478 1080 761 1132 ἀπολάβωμεν.
817 1080 1038 1133 γέγραπται
1062 1083 1134 1132 μὲν
1154 1085 1276 1122 ταῦτα
1299 1082 1443 1122 οὑτωσὶ
1475 1096 1517 1131 25

52 1167 89 1199 15
111 1148 284 1199 ἀκριβῶς
323 1148 366 1188 ἐν
405 1153 453 1205 τῇ
496 1152 723 1204 συγγραφῇ·
762 1148 870 1188 οῦτοι
908 1147 962 1194 δέ,
1003 1146 1033 1187 ὦ
1071 1147 1209 1200 ἄνδρες
1247 1150 1442 1196 δικασταί,

111 1215 278 1254 ἐνταῦθα
304 1214 367 1254 καὶ
395 1213 646 1265 ἐπεδείξαντο
675 1214 855 1265 μάλιστα
887 1214 959 1265 τὴν
986 1215 1104 1266 ὕβριν
1135 1215 1198 1255 καὶ
1228 1215 1298 1265 τὴν
1331 1217 1441 1257 ἀναί-

110 1284 218 1321 δειαν
257 1280 329 1331 τὴν
370 1283 528 1327 ἑαυτῶν,
573 1282 635 1321 καὶ
676 1282 737 1322 ὅτι
779 1281 868 1322 οὐδὲ
909 1281 1048 1333 μικρὸν
1097 1286 1315 1335 προσεῖχον
1362 1286 1443 1325 τοῖς

109 1347 315 1400 γράμμασι
337 1351 419 1389 τοῖς
444 1347 729 1400 γεγραμμένοις
755 1350 797 1389 ἐν
822 1349 868 1404 τῇ
898 1349 1127 1404 συγγραφῇ,
1154 1348 1246 1389 ἀλλ’
1276 1349 1442 1402 ἡγοῦντο

110 1415 210 1455 εἶναι
233 1414 304 1464 τὴν
330 1414 567 1467 συγγραφὴν
591 1414 726 1457 ἄλλως
750 1416 873 1455 ὕθλον
900 1416 963 1456 καὶ
989 1417 1201 1468 φλυαρίαν.
1253 1416 1341 1458 οὔτε
1365 1418 1441 1470 γὰρ

49 1502 90 1524 20
109 1481 386 1533 ἀντηγόρασαν
406 1481 517 1521 οὐδὲν
538 1482 581 1522 ἐν
605 1485 657 1536 τῷ
686 1482 828 1536 Πόντῳ
855 1482 945 1522 οὔτε
971 1483 1312 1534 ἀντεφορτίσαντο
1337 1484 1442 1525 ὥστε

108 1547 220 1600 ἄγειν
245 1547 450 1598 Ἀθήναζε·
487 1548 598 1599 ἡμεῖς
623 1566 665 1588 τε
690 1550 726 1589 οἱ
757 1549 1012 1590 δανείσαντες
1041 1551 1089 1588 τὰ
1117 1549 1300 1602 χρήματα
1324 1550 1438 1601 ἡκόν-

109 1631 187 1655 των
211 1615 338 1656 αὐτῶν
362 1615 511 1655 τούτων
537 1617 580 1656 ἐκ
603 1619 672 1655 τοῦ
702 1616 860 1656 Πόντου
891 1615 958 1655 οὐκ
990 1617 1150 1669 εἴχομεν
1183 1617 1274 1657 ὅτου
1302 1618 1439 1658 ἐπιλα-

108 1683 278 1733 βοίμεθα
316 1681 396 1722 οὐδ’
433 1683 523 1722 ὅτου
560 1686 777 1734 κρατοῖμεν,
812 1683 884 1724 ἕως
919 1684 1180 1734 κομισαίμεθα
1211 1685 1260 1723 τὰ
1288 1683 1441 1736 ἡμέτερ’

109 1748 248 1789 αὐτῶν·
275 1748 353 1788 οὐδ’
374 1749 503 1789 ὁτιοῦν
518 1751 594 1801 γὰρ
611 1749 828 1802 εἰσήγαγον
848 1751 903 1791 εἷς
922 1749 991 1790 τὸν
1009 1748 1152 1800 λιμένα
1167 1750 1234 1791 τὸν
1253 1750 1440 1803 ὑμέτερον

48 1826 87 1858 25
108 1815 227 1856 οὗτοι.
279 1816 385 1856 ἀλλὰ
410 1817 662 1867 πεπόνθαμεν
689 1817 930 1864 καινότατον,
952 1815 982 1857 ὦ
1007 1816 1146 1869 ἄνδρες
1171 1819 1366 1858 δικασταί·
1398 1820 1440 1858 ἐν
1471 1828 1516 1862 26

107 1883 183 1935 γὰρ
207 1883 252 1938 τῇ
277 1883 393 1923 πόλει
417 1889 464 1939 τῇ
488 1882 656 1937 ἡμετέρᾳ
680 1883 819 1930 αὐτῶν,
842 1883 954 1924 οὐδὲν
973 1885 1196 1925 ἀδικοῦντες
1216 1885 1305 1925 οὐδὲ
1330 1886 1439 1935 δίκην

108 1950 291 2000 οὐδεμίαν
315 1950 546 2001 ὠφληκότες
574 1950 740 1996 τούτοις,
768 1949 1026 2001 σεσυλήμεθα
1053 1953 1100 1990 τὰ
1129 1950 1283 2003 ἡμέτερ’
1314 1951 1439 1992 αὐτῶν

150 2068 171 2097 3
196 2058 344 2100 ἀργύριον
361 2058 474 2090 ἕνδεκα
489 2061 568 2098 μνᾶς
585 2058 615 2088 Α
629 2058 658 2088 D
769 2069 832 2097 3-4
858 2062 893 2091 ἐν
911 2084 917 2090 .
934 2084 942 2091 .
964 2084 971 2092 .
989 2059 1114 2092 Πόντον
1132 2071 1198 2092 om.
1217 2060 1247 2091 A
1356 2062 1377 2091 6
1400 2063 1438 2094 τὸ

108 2112 173 2132 om.
196 2102 221 2132 F
234 2102 263 2140 Q
425 2113 445 2141 9
468 2104 595 2142 ἤγαγον
611 2102 640 2131 Α
775 2103 874 2135 πάλιν
892 2103 1121 2144 ἀνταγοράζειν
1138 2104 1162 2134 S
1179 2116 1185 2134 :
1211 2104 1438 2146 ἀνταγοράζειν

108 2145 206 2176 πάλιν
222 2145 310 2184 vulg.
395 2155 433 2175 10
458 2144 738 2186 ἀντιφορτίζεσθαι
755 2145 786 2175 Α
799 2146 845 2176 F:
871 2146 1105 2187 ἀντιφορτίζειν
1124 2147 1147 2176 S
1166 2147 1204 2178 al.
1301 2158 1339 2177 12
1363 2149 1439 2188 ἡμῖν

107 2193 185 2218 ante
201 2190 240 2220 τὸ
257 2188 404 2230 ἀργύριον
420 2188 451 2218 Α
463 2188 487 2218 F
500 2188 530 2217 D
666 2198 704 2226 13
727 2189 903 2230 χρημάτων
920 2190 944 2220 S
960 2201 966 2220 ε
991 2190 1166 2230 χρημάτων
1183 2190 1330 2223 ἁπάντων
1345 2192 1435 2231 vulg.

107 2234 210 2263 ταῦτα
226 2231 250 2262 S
266 2243 272 2263 :
297 2232 403 2263 πάντα
415 2232 445 2261 Α
463 2242 470 2262 :
493 2241 558 2261 om.
580 2231 646 2269 FQ
659 2231 689 2260 D
782 2242 820 2271 14
842 2232 902 2271 μὲν
918 2232 1008 2272 vulg.
1025 2243 1031 2262 :
1056 2233 1114 2271 μὲν
1129 2235 1190 2274 γὰρ
1209 2235 1232 2264 S
1325 2237 1364 2265 16
1387 2237 1439 2267 καὶ

107 2274 251 2313 μάλιστα
268 2275 470 2315 ἐπεδείξαντο
490 2275 617 2304 Reiske
762 2286 804 2306 20
827 2276 994 2317 ἠγόρασαν
1012 2276 1037 2306 F
1050 2276 1080 2314 Q
1094 2276 1123 2306 D
1266 2288 1305 2307 21
1331 2278 1384 2319 τε]
1404 2278 1439 2310 δὲ

107 2317 139 2347 Α
217 2328 258 2356 23
283 2318 340 2350 ἕως
356 2318 405 2349 A:
432 2317 488 2350 ἕως
506 2319 581 2349 ὅτου
601 2323 680 2348 cett.
698 2317 805 2349 Bekk.
821 2318 951 2350 Anecd.
965 2329 997 2358 p.
1014 2329 1083 2357 145.
1099 2330 1118 2356 4
1176 2330 1217 2359 24
1241 2321 1437 2362 ἡμέτερονΑ

109 2371 148 2399 27
173 2361 321 2400 οὐδεμίαν
339 2366 419 2392 ante
444 2360 633 2402 ὠφληκότες
657 2361 681 2392 S
694 2361 745 2392 A:
772 2367 846 2401 post
864 2361 1052 2403 ὠφληκότες
1074 2362 1139 2400 FQ
1155 2363 1196 2403 D,
1217 2364 1258 2395 cf.
1279 2364 1335 2394 lvii
1355 2375 1394 2404 13

175 2427 261 2448 uma
1330 2422 1350 2452 8
