1685 2772
132 110 254 165 xxm]
518 110 682 149 ΠΡΟΣ
728 110 1029 149 ΟΝΗΤΟΡΑ
1078 111 1109 148 Β

133 218 376 274 ὀγδοήκοντα
421 222 520 271 μνᾶς
568 218 782 265 ἐνεκάλεις,
824 220 861 260 εἴ
895 237 942 271 γε
980 219 1024 259 τὸ
1067 221 1215 273 χωρίον
1263 218 1374 270 ἄξιον
1421 219 1468 271 ἧν

133 289 332 333 πλείονος,
359 287 451 328 ἀλλ’
477 286 546 327 οὐκ
578 287 644 327 ἐπὶ
667 287 792 340 τούτῳ
824 286 886 326 καὶ
915 287 984 328 τὰς
1014 287 1219 339 δισχιλίας
1244 288 1409 333 ἐτίθεις;
1444 283 1467 337 ἢ

133 355 229 395 ὅταν
266 353 340 405 μέν
379 371 446 394 σοι
484 353 578 409 δοκῇ
616 353 743 394 πάντα
777 355 826 393 τὰ
861 352 1047 405 Ἀφόβου
1085 351 1308 408 διασῴζειν,
1346 355 1392 393 τό
1426 371 1468 394 τε

133 422 281 475 χωρίον
320 420 435 461 ἔσται
475 420 672 461 ταλάντου
710 421 834 471 μόνον
872 419 997 471 ἄξιον,
1041 420 1102 460 καὶ
1143 420 1215 471 τὴν
1258 422 1384 461 οἰκίαν
1426 422 1469 461 ἐν

94 489 353 542 5δισχιλίαις
391 487 613 539 προσέξεις,
653 487 678 537 ἤ
715 504 757 527 τε
795 486 914 539 προὶξ
945 486 1190 540 ὀγδοήκοντα
1227 491 1324 539 μναῖ
1351 487 1465 540 γενή-

135 572 287 601 σονται,
331 555 393 595 καὶ
435 553 620 604 ἀξιώσεις
667 554 776 607 ἔχειν
823 554 1044 606 ἀμφότερα·
1085 555 1180 595 ὅταν
1222 554 1264 595 δέ
1307 572 1373 597 σοι
1413 555 1466 606 μὴ

133 621 334 678 συμφέρῃ,
365 621 553 661 τάναντία
581 620 703 661 πάλιν
730 621 754 672 ἡ
788 622 862 672 μὲν
892 622 996 661 οἰκία
1024 621 1234 667 ταλάντου,
1267 622 1366 662 διότι
1398 626 1466 663 νῦν

1499 98 1611 157 [877]

1499 301 1520 338 7

133 690 211 741 ἐγὼ
236 689 380 738 ταύτην
405 687 497 741 ἔχω,
525 691 593 727 τοῦ
622 690 663 728 δὲ
692 688 838 741 χωρίου
868 687 913 728 τὸ
944 688 1079 740 περιὸν
1109 689 1177 729 οὐκ
1206 688 1418 731 ἐλάττονος
1441 686 1464 739 ἢ
1496 689 1611 745 [878]

132 759 240 796 δυοῖν
264 754 385 806 ἄξιον,
413 754 468 795 ἵν’·
493 755 571 806 ἐγὼ
595 757 694 794 δοκῶ
724 754 925 805 βλάπτειν
955 759 1106 805 τοῦτον,
1135 755 1203 796 οὐκ
1233 757 1463 808 ἀποστερεῖ-

76 834 115 857 10
134 825 248 870 σθαι,·
288 823 380 876 ὁρᾷς
405 820 455 862 ὡς
479 822 680 873 ὑποκρίνει
703 823 777 872 μὲν
807 821 1018 863 δεδωκέναι
1046 822 1119 873 τὴν
1149 826 1304 875 προῖκα,
1332 824 1466 875 φαίνει
1497 830 1517 864 8

133 891 175 930 δὲ
212 888 293 928 κατ’
325 887 405 929 οὐδ’
435 888 612 928 ὁντινοῦν
640 890 786 940 τρόπον
820 889 1017 936 δεδωκώς,·
1055 890 1104 930 τὰ
1136 891 1213 942 γὰρ
1245 890 1372 941 ἀληθῆ
1406 891 1468 931 καὶ

132 955 185 1006 μὴ
211 955 528 1007 κακουργούμενα
552 959 630 996 τῶν
661 955 904 1008 πραγμάτων
934 958 1083 1003 ἁπλῶς,
1119 957 1167 997 οἷ’
1199 956 1247 998 ἂν
1278 955 1323 1008 ἐξ
1345 958 1467 1010 ἀρχῆς

134 1025 304 1078 πραχθῇ,
332 1021 475 1062 τοιαῦτ’
506 1023 631 1062 ἐστίν·
669 1022 720 1062 σὺ
750 1026 792 1064 δὲ
827 1023 1054 1064 τούναντίον
1085 1022 1292 1078 ἐξελέγχει
1318 1023 1468 1077 πράξας

134 1091 189 1131 εἰς
212 1089 285 1140 τὴν
310 1088 393 1129 καθ’
417 1089 527 1139 ἡμῶν
551 1090 783 1141 ὑπηρεσίαν.

75 1167 113 1199 15
194 1155 336 1206 ’Ἄξιον
373 1157 507 1197 τοίνυν
549 1156 612 1196 καὶ
650 1157 719 1198 τὸν
759 1157 890 1209 ὅρκον,
931 1158 1067 1198 ὁποῖόν
1106 1156 1178 1198 τιν’
1211 1156 1258 1198 ἂν
1297 1158 1465 1209 ὤμοσεν,

135 1224 172 1264 εἴ
200 1240 259 1266 τις
292 1224 449 1269 ἔδωκεν,
476 1224 519 1263 ἐκ
547 1224 698 1264 τούτων
733 1224 845 1265 ἰδεῖν.
904 1223 947 1266 ὃς
981 1226 1058 1277 γὰρ
1095 1223 1338 1277 ὀγδοήκοντα
1369 1228 1469 1276 μνᾶς

134 1290 211 1343 ἔφη
251 1289 322 1341 τὴν
355 1289 481 1343 προῖκ’
521 1291 631 1337 εἶναι,
667 1292 702 1331 εἶ
741 1290 824 1331 τότ’
855 1290 956 1346 αὐτῷ
988 1308 1047 1334 τις
1082 1290 1239 1339 ἔδωκεν,
1277 1293 1469 1343 ὀμόσαντι

133 1357 239 1398 ταῦτ’
264 1358 393 1409 ἆληθῆ
421 1356 572 1410 λέγειν,
600 1359 859 1409 κομίσασθαι,
892 1359 934 1399 τί
968 1359 1157 1409 ἐποίησεν
1190 1358 1257 1407 ἄν,·
1290 1355 1313 1409 ἢ
1344 1360 1469 1410 δῆλον

134 1426 195 1465 ὅτι
228 1425 404 1476 ὤμοσεν,·
438 1426 478 1465 τί
507 1426 582 1477 γὰρ
611 1424 674 1465 καὶ
703 1425 837 1477 λέγων
872 1424 917 1466 οὗ
954 1424 1080 1478 φήσει
1119 1424 1199 1466 τότ’
1229 1424 1278 1467 ἂν
1306 1426 1466 1478 ὀμόσαι,

75 1503 115 1526 ²0
134 1495 202 1533 νῦν
230 1509 277 1544 γε
308 1491 410 1532 τοῦτ’
444 1489 584 1541 ἀξιῶν,-
623 1491 762 1532 οὐκοῦν
796 1493 857 1532 ὅτι
887 1491 925 1545 γ’
958 1492 1207 1545 ἐπιώρκησεν
1235 1492 1296 1540 ἄν,
1330 1492 1468 1534 ἑαυτὸν

135 1558 354 1613 ἐξελέγχει·
392 1562 461 1600 νῦν
494 1559 569 1611 γὰρ
602 1558 670 1599 οὐκ
704 1558 948 1611 ὀγδοήκοντα
977 1561 1090 1610 μνᾶς,
1129 1560 1235 1600 ἀλλὰ
1270 1559 1467 1601 τάλαντον

134 1626 345 1666 δεδωκέναι
384 1626 523 1678 φησίν.
581 1626 622 1666 τί
654 1628 814 1678 μᾶλλον
853 1625 902 1667 ἂν
944 1626 1012 1667 οὗν
1054 1627 1212 1669 εἰκότως
1248 1643 1307 1669 τις
1349 1626 1466 1667 αὐτὸν

135 1692 250 1734 ἐκεῖν’
275 1692 472 1745 ἐπιορκεῖν
496 1689 520 1743 ἢ
546 1691 630 1732 τάδ’
659 1692 817 1745 ἡγοῖτο,·
847 1690 870 1743 ἢ
903 1694 992 1734 τίνα
1022 1710 1078 1734 τις
1112 1695 1268 1735 δικαίως
1298 1692 1347 1734 ἂν
1379 1693 1467 1747 ἔχοι

134 1760 222 1812 περὶ
250 1760 389 1801 τούτου
413 1759 602 1806 διάνοιαν,
629 1763 698 1801 τοῦ
723 1761 866 1815 ῥᾳδίως
891 1762 1014 1802 οὕτως
1039 1760 1157 1801 αὑτὸν
1183 1759 1466 1815 ἐξελέγχοντος

76 1838 112 1871 ²5
134 1826 214 1867 ὄντ’
240 1827 443 1880 ἐπίορκον;

202 1893 333 1933 Ἀλλὰ
357 1893 402 1943 νὴ
431 1893 494 1933 Δί’
519 1895 616 1935 ἴσως
643 1894 733 1947 οὐχὶ
766 1893 880 1934 πάντ’
910 1895 1012 1949 αὐτῷ
1044 1898 1206 1935 τοιαῦτα
1233 1894 1463 1946 πέπρακται,

134 1960 223 2001 οὐδὲ
248 1961 501 2014 πανταχόθεν
521 1961 640 2011 δῆλός
661 1962 748 2001 ἐστι
773 1961 985 2014 τεχνάζων.
1041 1963 1148 2002 ἀλλὰ
1169 1962 1231 2002 καὶ
1250 1962 1467 2013 τιμώμενος

135 2027 306 2079 φανερὸς
335 2027 501 2079 γέγονεν
533 2028 630 2078 ὑπὲρ
658 2026 843 2079 Ἀφόβου
872 2028 1081 2075 ταλάντου,
1116 2029 1178 2069 καὶ
1211 2028 1315 2069 τοῦτ’
1352 2028 1466 2070 αὐτὸς

133 2093 226 2144 ἡμῖν
265 2094 489 2134 ἀποδώσειν
527 2093 785 2145 ἐγγυώμενος.
848 2096 974 2135 καίτοι
1014 2095 1218 2148 σκέψασθ’
1262 2097 1323 2135 ὅτι
1363 2094 1466 2135 τοῦτ’

178 2206 198 2225 2
222 2197 273 2228 καὶ
285 2206 350 2227 om.
367 2195 416 2234 Sl,
431 2197 506 2227 add.
523 2205 606 2227 sser.
626 2207 670 2228 m.
689 2206 756 2227 ree.
827 2206 847 2236 3
871 2197 910 2229 τό
926 2211 962 2229 τε
980 2197 1017 2228 Sl
1031 2197 1062 2227 A
1077 2209 1084 2229 :
1109 2198 1188 2230 τότε
1205 2200 1241 2230 τὸ
1260 2198 1286 2229 F
1298 2198 1328 2228 D
1341 2197 1365 2229 S
1378 2208 1464 2230 corr.

133 2249 155 2279 9
179 2242 264 2271 δυεῖν
281 2239 305 2270 S
395 2243 476 2272 δοκῶ
492 2244 573 2270 ante
589 2239 752 2277 βλάπτειν
769 2239 793 2271 S
804 2239 836 2270 A
851 2250 858 2270 :
883 2245 960 2280 post
980 2242 1226 2283 ἀποστερεῖσθαι
1244 2243 1269 2273 F
1283 2242 1313 2273 D
1407 2252 1465 2273 10-

138 2292 177 2321 13
200 2283 350 2324 ὑποκρίνῃ
367 2305 375 2314 .
396 2306 403 2314 .
421 2306 429 2314 .
449 2284 545 2325 φαίνῃ
563 2306 570 2314 .
591 2306 599 2314 .
622 2307 629 2313 .
649 2282 811 2325 ἐξελέγχῃ
831 2284 928 2315 codd.
1065 2295 1104 2315 10
1125 2284 1185 2324 μὲν
1201 2290 1279 2325 post
1296 2285 1464 2318 δεδωκέναι

134 2325 233 2356 iterat
250 2326 274 2357 S
291 2327 351 2357 sed
370 2327 505 2365 punctis
522 2331 675 2357 notatum
768 2336 805 2366 17
831 2327 1003 2369 ὀμόσαντι]
1021 2329 1265 2367 ὁμολογήσαντι
1283 2329 1321 2360 S1
1426 2339 1464 2368 19

134 2369 274 2411 ὤμοσεν]
293 2369 505 2410 ὡμολόγησεν
523 2370 549 2400 F
564 2370 594 2400 D
682 2370 717 2402 τί
733 2371 796 2412 ’γὰρ
813 2373 853 2402 ἀν’
870 2372 920 2402 καὶ
939 2371 963 2402 5
1096 2381 1140 2402 20
1163 2373 1253 2403 τοῦτ’
1269 2373 1292 2404 S
1310 2383 1317 2403 ε
1341 2372 1463 2404 τοιαῦτ’

133 2412 221 2453 vulg.
355 2424 394 2452 27
420 2412 603 2454 τεχνάζων]
622 2413 802 2455 ἐπηρεάζων
819 2414 843 2444 S
860 2427 911 2455 γρ,

1498 1170 1520 1205 9

1500 1909 1542 1933 10
