1685 2772
35 122 179 178 [1004]

37 699 180 791 [100Ξῇ

649 134 1139 173 ΔΗΜΟΣΘΕΝΟΎΣ
1421 130 1549 183 [ΧΧΧΙΧ

210 244 369 285 πάντων
399 247 560 291 παῦσαι,
589 245 622 285 εἰ
655 244 688 284 δ’
714 244 790 297 ἄρα
819 244 872 296 μὴ
905 246 1060 297 βούλει,
1086 246 1214 286 ἐκεῖνό
1246 263 1292 298 γε
1327 244 1424 298 πρὸς
1450 245 1547 287 Διὸς

212 313 361 352 πείθου·
397 316 548 352 παῦσαι
579 314 652 363 μὲν
685 315 816 367 σαυτῷ
850 312 1037 365 παρέχων
1074 312 1296 364 πράγματα,
1335 315 1486 353 παῦσαι
1513 312 1547 353 δ’

212 381 279 430 ἐμὲ
319 382 596 431 συκοφαντῶν,
633 379 766 432 ἀγάπα
805 378 837 419 δ’
875 381 936 419 ὅτι
977 396 1044 419 σοι
1087 380 1215 425 πόλις,
1251 380 1378 426 οὐσία,
1418 379 1547 432 πατὴρ

212 445 389 498 γέγονεν.
462 446 589 488 οὐδεὶς
621 446 835 486 ἀπελαύνει
873 446 911 485 σ’
938 446 1016 486 ἀπὸ
1044 446 1205 493 τούτων,
1237 447 1376 487 οὔκουν
1406 446 1544 499 ἔγωγε.

212 512 304 553 ἀλλ’
328 511 376 554 ἂν
399 512 484 564 μέν,
512 514 649 566 ὥσπερ
674 513 774 554 εἶναι
802 513 880 565 φὴς
906 514 1093 565 ἀδελφός,
1116 513 1246 554 καὶτὰ
1266 513 1348 566 ἔργ’
1369 515 1547 566 ἀδελφοῦ

212 585 338 636 ποιῇς,
377 579 504 631 δόξεις
542 581 641 620 εἶναι
678 578 888 633 συγγενής,
925 579 974 621 ἂν
1011 579 1044 619 δ’
1082 580 1360 636 ἐπιβουλεύῃς,
1395 580 1544 636 δικάζῃ,

213 650 378 704 φθονῇς,
418 651 685 704 βλασφημῇς,
722 646 852 697 δόξεις
887 648 943 688 εἷς
980 646 1157 699 ἀλλότρι’
1194 648 1381 698 ἐμπεσὼν
1418 646 1467 688 ὡς
1502 647 1546 686 οὐ

213 713 486 766 προσήκουσιν
507 716 606 755 οὕτω
626 716 813 767 χρῆσθαι.
879 714 964 754 ἐπεὶ
985 714 1103 767 ἔγωγ’
1123 713 1201 754 οὐδ’
1223 715 1257 755 εἰ
1273 716 1323 755 τὰ
1341 713 1506 765 μάλισθ’
1525 714 1546 753 ὁ

213 780 339 832 πατὴρ
365 783 460 821 ὄντα
486 781 525 821 σ’
550 783 691 822 ἑαυτοῦ
708 781 761 833 μὴ
782 781 942 823 ἐποιεῖτ’
964 782 1096 822 ἀδικῶ.
1157 781 1201 822 οὐ
1220 783 1293 834 γὰρ
1314 782 1400 832 ἐμοὶ
1418 798 1543 834 προσ-

211 849 306 898 ῆκεν
336 848 494 895 εἰδέναι,
521 849 624 891 τίνες
662 849 765 890 εἰσὶν
797 851 894 891 υἱεῖς
928 849 1089 896 ἐκείνου,
1121 848 1212 890 ἀλλ’
1243 850 1377 903 ἐκείνῳ
1406 847 1543 899 δεῖξαι,

212 914 284 956 τίν’
327 916 413 966 ἐμοὶ
455 916 669 967 νομιστέον
711 916 797 957 ἔστ’
837 916 1027 969 ἀδελφόν.
1122 915 1168 957 ὃν
1207 918 1281 968 μὲν
1305 917 1436 956 τοίνυν
1478 915 1545 955 οὐκ

215 983 385 1023 ἐποιεῖτό
409 1000 459 1023 σε
482 984 643 1036 χρόνον,
670 983 751 1023 οὐδ’
772 984 849 1036 ἐγὼ
877 982 1118 1035 προσήκονθ’
1135 983 1326 1035 ἡγούμην,
1355 981 1487 1033 ἐπειδὴ
1513 981 1547 1022 δ’

213 1048 442 1100 ἐποιήσατο,
467 1051 573 1102 κάγὼ
593 1051 748 1101 νομίζω.
821 1052 862 1091 τί
878 1051 1017 1091 τούτου
1033 1054 1219 1102 σημεῖον,·
1256 1053 1334 1090 τῶν
1360 1047 1547 1105 πατρῴων

212 1116 317 1171 ἔχεις
341 1117 386 1157 τὸ
410 1116 526 1169 μέρος
551 1120 650 1168 μετὰ
675 1117 746 1167 τὴν
771 1121 840 1158 τοῦ
863 1118 1011 1168 πατρὸς
1038 1116 1238 1167 τελευτήν·
1277 1119 1402 1168 ἱερῶν,
1424 1117 1547 1157 ὁσίων

210 1183 404 1237 μετέχεις·
443 1183 589 1236 ἀπάγει
615 1184 654 1224 σ’
681 1185 806 1226 οὐδεὶς
833 1184 911 1225 ἀπὸ
937 1184 1098 1225 τούτων.
1172 1184 1212 1224 τί
1227 1184 1389 1235 βούλει,·
1433 1183 1480 1224 ἂν
1505 1185 1548 1224 δὲ

212 1256 269 1309 φῇ
294 1252 401 1291 δεινὰ
426 1250 601 1304 πάσχειν
634 1252 697 1292 καὶ
723 1252 825 1308 κλάῃ
851 1252 915 1292 καὶ
939 1251 1122 1304 ὀδύρηται
1142 1252 1203 1292 καὶ
1223 1250 1420 1308 κατηγορῇ
1436 1251 1544 1302 ἐμοῦ,

211 1318 236 1358 ἃ
259 1320 332 1369 μὲν
356 1318 404 1358 ἂν
427 1317 541 1374 λέγῃ,
569 1318 621 1369 μὴ
653 1319 860 1360 πιστεύετε
889 1318 948 1370 (οὗ
981 1321 1055 1371 γὰρ
1086 1319 1235 1358 δίκαιον
1262 1317 1315 1369 μὴ
1345 1317 1434 1369 περὶ
1463 1317 1546 1357 τού-

211 1402 290 1426 των
313 1386 426 1427 ὄντος
448 1389 519 1425 τοΰ
540 1386 666 1438 λόγου
694 1384 810 1436 νυνί),
839 1388 964 1426 ἐκεῖνο
994 1385 1028 1426 δ’
1054 1384 1372 1436 ὑπολαμβάνετε,
1399 1385 1460 1425 ὅτι
1485 1385 1547 1425 οὐ-

215 1455 279 1493 δὲν
304 1452 388 1492 ἔστ’
413 1452 515 1507 αὐτῷ
540 1452 661 1503 ἧττον
686 1455 797 1503 δίκην
821 1452 1046 1503 λαμβάνειν
1072 1455 1231 1507 Βοιωτῷ
1259 1451 1457 1502 κληθέντι.
1508 1453 1550 1492 τί

214 1520 282 1560 οὖν
318 1524 558 1572 φιλονικεΐς;
601 1523 801 1571 μηδαμῶς·
838 1519 890 1571 μὴ
928 1519 986 1573 ἔχ’
1013 1521 1112 1560 οὕτω
1148 1518 1246 1570 πρὸς
1279 1519 1379 1570 ἡμᾶς
1415 1519 1546 1559 ἐθελέ-

212 1590 356 1640 χθρως·
400 1587 491 1627 οὐδὲ
516 1588 593 1639 γὰρ
619 1587 698 1639 ἐγὼ
723 1587 821 1637 πρὸς
844 1586 904 1632 σέ,
924 1587 1008 1627 ἐπεὶ
1036 1587 1098 1626 καὶ
1123 1590 1203 1632 νῦν,
1222 1587 1285 1626 ἵνα
1309 1588 1406 1637 μηδὲ
1431 1589 1545 1626 τοῦτο

212 1653 315 1710 λάθῃ
353 1672 412 1700 σε,
450 1655 549 1707 ὑπὲρ
585 1657 660 1694 σοῦ
688 1653 796 1706 λέγω
826 1657 995 1705 μᾶλλον,
1024 1653 1144 1704 ἀξιῶν
1174 1652 1227 1705 μὴ
1259 1652 1402 1693 ταύτὸν
1438 1653 1546 1706 ἔχειν

213 1720 321 1772 ὄνομ’
356 1721 470 1772 ἡμᾶς.
542 1722 576 1762 εἶ
609 1723 687 1774 γὰρ
718 1723 840 1772 μηδὲν
880 1721 995 1766 ἄλλο,
1037 1720 1187 1772 ἀνάγκη
1226 1718 1297 1760 τὸν
1334 1720 1544 1760 ἀκούσαντ’

214 1788 375 1840 ἐρέσθαι
400 1788 578 1839 πότερος,
607 1788 662 1828 δύ’
684 1788 732 1828 ἂν
758 1786 856 1828 ὦσιν
883 1789 1102 1828 Μαντίθεοι
1127 1788 1320 1828 Μαντίου.
1390 1787 1542 1834 οὐκοῦν,

213 1854 258 1896 ὃν
283 1854 515 1907 ἠναγκάσθη
540 1854 801 1905 ποιήσασθαι,
836 1857 884 1895 σὲ
920 1855 968 1896 ἂν
996 1854 1108 1910 λέγῃ,
1144 1856 1234 1906 ἐρεῖ.
1307 1855 1349 1895 τί
1370 1854 1438 1894 οὖν
1462 1856 1544 1894 ε’πι-

215 1925 346 1974 θυμεῖς
375 1923 543 1968 τούτων,·
582 1922 782 1974 ἀνάγνωθι
807 1921 849 1962 δέ
877 1939 944 1973 μοι
975 1922 1117 1973 λαβὼν
1150 1922 1216 1961 δύο
1249 1922 1414 1962 ταυτασὶ
1445 1938 1543 1973 μαρ-

213 1990 357 2041 τυρίας,
393 1989 444 2031 ὡς
484 1990 569 2040 ἐμοὶ
610 1989 838 2029 Μαντίθεον
881 1990 943 2030 καὶ
983 1989 1106 2043 τούτῳ
1151 1988 1324 2028 Βοιωτὸν
1363 1989 1383 2027 ὁ
1415 1988 1542 2039 πατὴρ

214 2056 323 2107 ὄνομ’
349 2057 473 2096 ἔθετο.

259 2143 278 2162 2
301 2135 391 2163 πιθοῦ
409 2131 515 2164 Blass.
534 2132 594 2161 sed
612 2131 652 2162 cs.
670 2131 798 2162 Andoc.
818 2132 840 2161 ii
861 2142 912 2169 24,
930 2131 1010 2161 Plat.
1026 2131 1107 2162 Crit.
1126 2142 1165 2169 44
1186 2131 1213 2161 B
1325 2141 1388 2169 2—3
1413 2130 1450 2163 δέ
1464 2145 1503 2170 με
1518 2130 1542 2161 S

1569 864 1609 885 10

1569 1201 1606 1234 15

1568 1538 1608 1559 20

1568 1869 1605 1902 25

215 2186 234 2215 5
258 2176 316 2215 μέν
328 2186 391 2206 om.
403 2175 470 2205 Sin
485 2175 551 2204 fine
563 2185 683 2205 versus
786 2186 802 2214 7
830 2178 955 2216 φθονεῖς
966 2178 1174 2214 βλασφημεῖς
1189 2176 1211 2205 S
1223 2174 1254 2204 A
1344 2175 1364 2204 8
1390 2175 1497 2212 ἐπειδὴ
1510 2174 1542 2203 Α
1586 2212 1589 2214 v

215 2230 236 2257 9
260 2221 316 2250 οὐκ
332 2223 409 2248 ante
427 2219 523 2249 ἀδικῶ
540 2218 615 2248 add.
635 2219 723 2257 vulg.
739 2229 745 2248 :
772 2229 837 2248 om.
858 2218 881 2248 S
893 2218 923 2247 A
1010 2217 1093 2258 ἐμοὶ]
1113 2218 1221 2259 ἔμοιγε
1239 2218 1263 2248 S
1277 2217 1307 2247 A
1414 2227 1449 2247 11
1476 2218 1538 2248 τίν’

218 2263 285 2300 ἐμοὶ
303 2286 310 2292 .
330 2285 336 2291 .
356 2285 362 2292 .
384 2261 526 2301 ἀδελφόν
544 2260 568 2290 S
581 2260 633 2290 A:
658 2262 747 2293 τίνας
764 2274 815 2299 μοι
833 2284 840 2291 .
862 2286 868 2292 .
889 2286 895 2291 .
917 2261 1076 2302 ἀδελφούς
1093 2260 1183 2299 vulg.
1345 2270 1382 2299 15
1407 2259 1539 2301 ἀπάγει]

217 2306 361 2345 ἀπείργει
380 2304 514 2334 Dobree
690 2313 727 2343 17
754 2304 773 2335 ἃ
787 2303 846 2343 μὲν
863 2305 901 2335 ἂν
917 2305 1000 2345 λέγῃ
1019 2304 1043 2334 S
1058 2304 1083 2333 F
1097 2303 1144 2341 Q:
1170 2304 1189 2335 ἃ
1206 2303 1265 2343 μὲν
1282 2305 1320 2342 δὴ
1337 2304 1428 2344 λέγει
1445 2303 1474 2332 Α
1491 2315 1497 2334 :
1522 2303 1542 2335 ἃ,

216 2348 276 2387 μὲν
292 2348 382 2388 λέγει
405 2347 434 2377 D
502 2346 641 2387 τούτων]
659 2347 777 2379 τούτου
795 2346 862 2378 SA
953 2349 991 2378 18
1016 2349 1085 2378 νυνί
1098 2347 1128 2376 Α
1143 2358 1151 2377 :
1174 2349 1231 2378 τοῦ
1248 2349 1318 2378 νυνί
1331 2351 1407 2378 cett.
1499 2356 1540 2376 22

216 2391 304 2431 λέγω
318 2414 325 2421 .
343 2415 349 2422 .
365 2414 372 2421 .
387 2391 480 2431 ἀξιῶν
492 2389 523 2420 Α
537 2401 543 2421 :
569 2390 682 2431 λέγειν
695 2415 701 2421 .
715 2414 722 2422 .
744 2414 751 2421 .
765 2391 838 2431 ἀξιῶ
855 2395 933 2422 cett.
1025 2400 1064 2428 23
1089 2395 1164 2429 post
1180 2391 1261 2429 ἡμᾶς
1279 2390 1353 2420 add.
1366 2391 1386 2427 ἢ
1405 2392 1540 2428 ἐμαυτοῦ

216 2435 303 2472 vulg.
319 2434 342 2464 S
354 2444 431 2472 mg„
449 2435 585 2472 ἐμαυτοῦ
603 2434 632 2471 Q
649 2445 655 2464 ε
680 2445 744 2465 om.
763 2434 787 2465 S
804 2434 895 2464 solus
983 2435 1064 2463 26-1
1094 2440 1183 2473 (xpag.
1197 2432 1288 2473 seq.)
1302 2432 1458 2474 ἀνάγνωθι
1476 2457 1482 2463 .
1501 2458 1508 2464 .
1529 2456 1538 2464 .

218 2482 430 2509 ΜΑΡΤΎΡῙΑῙ
448 2477 513 2507 del.
536 2476 652 2516 Rtiger
