1645 2742
447 577 1073 636 PRAEFATIO

153 765 408 806 SVPPVDET
434 779 504 806 me
532 766 653 818 quod
683 772 773 805 tam
809 779 907 805 sero
939 765 1087 819 prodit
1121 763 1426 805 Demosthenis

96 831 360 872 Oxoniensis
381 831 554 872 alterius
571 831 800 872 voluminis
816 831 885 871 hic
903 831 1011 871 alter
1029 831 1265 880 fasciculus,
1284 830 1427 883 plures

95 900 256 940 scilicet
277 901 335 942 ob
351 915 503 942 causas
524 902 783 941 retardatus.
842 900 989 953 primo
1013 900 1127 940 enim
1151 902 1235 940 iam
1260 899 1428 952 longius

97 969 340 1010 intermisso
369 984 499 1024 opere
529 969 677 1010 multis
706 969 869 1022 alioqui
901 969 1125 1010 districtus
1156 969 1344 1022 negotiis
1382 975 1426 1008 et

97 1038 362 1092 impediente
415 1039 668 1080 valetudine
727 1039 847 1092 prior
905 1038 1063 1090 editor,
1112 1037 1159 1080 S.
1207 1037 1427 1079 Henricus

99 1108 300 1160 Butcher‚
319 1108 484 1149 amicus
505 1116 548 1150 et
567 1116 823 1162 praeceptor
845 1121 977 1155 meus,
996 1107 1220 1148 constituit
1237 1106 1320 1147 sibi
1341 1121 1429 1147 non

99 1177 209 1218 ultra
229 1185 401 1218 sextam
416 1184 458 1218 et
489 1178 736 1218 vicesimam
759 1178 1000 1218 orationem
1031 1190 1124 1217 esse
1150 1176 1428 1229 progredien-

98 1247 228 1286 dum:
258 1247 414 1286 deinde
434 1245 552 1286 bello
573 1246 659 1286 iam
680 1246 847 1287 indicto
868 1246 938 1286 hic
960 1259 1080 1285 meus
1107 1244 1280 1286 libellus
1307 1244 1428 1298 prelo

99 1315 316 1354 subiectus
346 1320 413 1355 est
442 1315 627 1368 ideoque
657 1315 822 1355 diutius
853 1314 896 1355 in
927 1315 1095 1356 scriniis
1125 1321 1343 1355 retentus:
1389 1315 1431 1354 in

100 1384 203 1436 ipsis
227 1384 414 1435 denique
440 1384 630 1438 plagulis
657 1384 920 1437 corrigendis
951 1384 1049 1438 plus
1077 1384 1192 1424 iusto
1220 1397 1290 1424 me
1321 1389 1431 1423 tem-

100 1452 216 1506 poris
245 1451 525 1505 insumpsisse
555 1452 743 1505 ingenue
776 1453 929 1493 fateor.
987 1466 1117 1506 spero
1148 1460 1292 1492 tamen
1325 1466 1430 1492 mox

100 1521 190 1560 fore
219 1527 268 1561 ut
293 1520 424 1561 tertio
449 1520 660 1561 volumini
688 1521 775 1561 iarn
804 1535 963 1574 magna
991 1535 1048 1562 ex
1080 1528 1202 1575 parte
1234 1521 1432 1562 confecto

101 1589 277 1630 celerior
297 1596 341 1630 et
362 1590 625 1643 auspicatior
646 1604 796 1631 cursus
817 1590 906 1630 fiat.

160 1659 291 1700 Cuius
319 1659 362 1698 in
393 1659 661 1712 praefatione
689 1661 746 1700 de
774 1659 999 1699 codicibus
1023 1659 1372 1699 Demosthenicis
1393 1666 1434 1698 et

102 1727 326 1780 quomodo
360 1726 471 1767 inter
505 1741 552 1768 se
591 1728 856 1768 cohaereant
895 1728 1030 1768 fusius
1071 1728 1320 1779 disputabo.
1373 1728 1431 1767 ibi

102 1795 214 1835 enim
257 1803 299 1837 et
339 1793 500 1849 largior
537 1795 595 1837 ad
630 1803 805 1837 textum
840 1796 1198 1837 constituendum
1238 1797 1434 1849 suppetit

102 1865 302 1904 codicum
348 1878 556 1906 numerus
600 1870 647 1906 et
694 1865 870 1905 maioris
920 1864 1129 1906 momenti
1184 1864 1434 1920 fragmenta

103 1923 359 1986 papyracea,
386 1934 582 1985 inprimis
604 1934 878 1974 notissimum
906 1933 1016 1975 illud
1041 1932 1254 1986 epistolae
1284 1934 1437 1974 tertiae

103 2001 243 2054 primo
257 2008 357 2041 ante
376 2001 454 2043 Ch.
470 2016 509 2042 n.
525 2003 699 2042 saeculo
714 2009 958 2043 exaratum.
1003 2017 1116 2056 quac
1132 2002 1216 2043 hoc
1234 2002 1437 2043 fasciculo

104 2070 379 2110 continentur
407 2070 625 2111 orationes
657 2071 846 2123 quinque
882 2077 1051 2111 tantum
1083 2071 1282 2111 codicum
1321 2072 1437 2112 testi-

106 2138 262 2178 moniis
282 2139 532 2179 innituntur.
591 2138 748 2179 horum
770 2139 1273 2193 omniumsprincipatum
1291 2146 1437 2180 tenere

106 2206 300 2247 codicem
318 2207 559 2247 Parisinum
575 2206 605 2248 S
621 2207 696 2247 vix
713 2214 778 2248 est
796 2209 915 2260 quod
928 2215 983 2256 te,
1001 2208 1145 2257 lector,
1161 2208 1439 2249 admoneam.

107 2275 230 2315 cuius
276 2273 468 2315 indolem
516 2282 560 2315 et
600 2283 768 2328 quanto
809 2289 943 2330 opere
989 2284 1158 2317 ceteros
1204 2275 1437 2316 antecellat

108 2343 317 2393 bonitate,
347 2348 450 2396 post
483 2343 721 2386 dilucidam
759 2343 965 2385 Butcheri
999 2343 1322 2398 expositionem
1362 2357 1438 2383 ex-

111 2426 268 2464 ponere
291 2412 324 2452 si
348 2426 541 2461 conarer,
562 2414 667 2465 quid
691 2413 807 2453 aliud
831 2413 909 2453 nisi
933 2420 1026 2453 acta
1048 2415 1252 2465 agerem?
1312 2411 1437 2451 huius

767 2493 789 2517 v
