1685 2772
51 114 162 169 [85⁵]

118 837 163 870 39

47 968 163 1022 [856]

618 114 1106 153 ΔΗΜΟΣΘΕΝΟΤΣ
1405 109 1522 165 [xxnc

193 226 382 276 δανείζειν
419 226 483 266 καὶ
510 228 656 276 λαβεῖν
686 224 920 277 τάνδράποδ’
961 224 1012 266 ὡς
1052 225 1211 271 σαυτόν,
1253 224 1346 265 ἀλλ’
1388 226 1431 265 ἐν
1468 229 1521 279 τῷ

192 293 301 347 λόγῳ
333 292 434 333 τοῦτ’
471 293 652 345 ἔγραψας
687 292 749 339 σύ,
792 292 1142 344 κατεμαρτύρησαν
1175 291 1208 331 δ’
1244 293 1280 332 οἱ
1317 290 1520 344 μάρτυρες.

193 360 300 400 ἀλλὰ
322 359 400 411 μὴν
428 361 520 411 περί
547 376 594 412 γε
621 362 689 399 τοῦ
723 358 943 411 ἐλέφαντος
975 359 1036 398 καὶ
1067 362 1135 398 τοῦ
1169 357 1344 410 σιδήρου,
1373 358 1522 401 πάντας

193 426 269 479 ἐγώ
296 432 398 478 φημι
423 426 512 468 τοὺς
538 425 692 468 οἰκέτας
722 425 867 466 εἰδέναι
891 429 1031 466 τοῦτον
1056 429 1278 472 πωλοῦντα,
1307 426 1370 466 καὶ
1397 443 1520 476 παρα-

193 496 326 533 δοῦναι
353 494 415 534 καὶ
439 494 528 534 τότε
555 494 616 533 καὶ
636 497 705 534 νῦν
724 492 869 543 ἤθελον
889 492 991 548 αὐτῷ
1011 493 1158 533 τούτων
1179 494 1312 533 ὅντινα
1330 493 1522 544 βούλοιτο
1543 515 1560 546 5

191 561 334 610 λαβὼν
369 561 616 611 βασανίζειν.
713 561 745 600 εἰ
777 561 908 600 τοίνυν
944 559 1069 612 φήσει
1100 577 1162 610 με,
1200 560 1268 600 τὸν
1301 559 1417 600 εἰδότ’
1452 560 1522 600 οὐκ

195 626 384 668 ἐθέλοντα
409 630 555 673 δοῦναι,
573 628 664 669 τοὺς
685 626 753 667 οὐκ
775 627 927 669 εἰδότας
947 627 1154 673 ἐκδιδόναι,
1177 626 1280 667 πολὺ
1300 626 1345 677 δὴ
1365 629 1524 678 μᾶλλον

192 694 295 749 αὐτῷ
333 697 585 746 παραλαβεῖν
627 693 852 746 φανήσεται
894 695 1107 746 προσῆκον·
1163 695 1197 734 εἰ
1238 693 1325 746 γάρ,
1366 693 1434 735 οὓς
1473 693 1524 734 ὡς

193 762 344 802 εἰδότας
376 760 571 811 ἐξεδίδουν
605 762 695 813 ἐγώ,
727 763 849 812 μηδὲν
878 761 987 814 ἔχειν
1020 761 1179 812 ἔφασαν
1212 761 1362 800 τούτων
1391 760 1522 807 αὐτόν,

193 827 427 878 ἀπήλλακτο
457 827 652 878 δήπουθεν
688 827 735 868 ἂν
772 830 841 878 τῆς
875 828 1012 869 αἰτίας.
1103 827 1193 868 ἀλλ’
1224 828 1313 880 οὐχὶ
1345 828 1525 867 τοιοῦτόν
1548 846 1587 868 10

195 896 318 941 ἐστιν,
351 896 458 935 ἀλλὰ
488 899 629 947 σαφῶς
666 894 715 935 ἂν
756 894 980 949 ἐξηλέγχθη
1013 899 1158 936 πωλῶν
1197 894 1260 934 καὶ
1299 894 1370 944 τὴν
1410 893 1525 945 τιμὴν

194 962 489 1013 κεκομισμένος.
561 963 696 1014 διόπερ
729 962 819 1004 τοὺς
849 962 1176 1015 ὁμολογουμένως
1205 961 1369 1006 δούλους
1398 978 1523 1013 παρα-

194 1030 273 1079 βὰς
301 1028 369 1070 τὸν
400 1030 611 1081 ἐλεύθερον
646 1028 757 1079 ἠξίου
789 1030 1037 1081 βασανίζειν,
1069 1028 1114 1071 ὃν
1147 1028 1226 1069 οὐδ’
1252 1030 1367 1068 ὅσιον
1397 1045 1521 1080 παρα-

195 1099 340 1142 δοῦναι,
373 1096 417 1136 τὸ
451 1096 597 1148 πρᾶγμ’
624 1096 693 1136 οὐκ
729 1096 843 1149 ἄγειν
873 1098 927 1138 εἰς
961 1096 1133 1149 ἔλεγχον
1167 1097 1301 1146 ζητῶν,
1329 1097 1437 1136 ἀλλὰ
1472 1093 1524 1145 μὴ

194 1163 524 1215 παραλαμβάνων
549 1164 801 1214 βουλόμενός
826 1180 862 1204 τι
892 1167 1021 1204 δοκεῖν
1052 1163 1200 1216 λέγειν.
1273 1162 1361 1215 περὶ
1392 1163 1526 1202 τοίνυν
1548 1179 1585 1211 15

163 1280 165 1282 ‚
193 1229 351 1271 πάντων
375 1231 535 1277 τούτων,
565 1235 719 1283 πρῶτον
743 1233 816 1281 μὲν
840 1231 930 1283 περὶ
955 1233 1023 1281 τῆς
1053 1231 1226 1283 προικός,
1255 1229 1325 1270 εἶθ’
1348 1231 1448 1281 ὑπὲρ
1472 1230 1526 1269 ὧν

116 1615 163 1648 40

193 1300 442 1350 καθυφεῖκεν,
488 1297 558 1338 εἶθ’
592 1299 689 1350 ὑπὲρ
727 1301 805 1338 τῶν
846 1297 999 1347 ἄλλων,
1047 1298 1322 1350 ἀναγνώσεται
1356 1297 1447 1338 τούς
1482 1312 1526 1336 τε

193 1365 334 1415 νόμους
360 1366 422 1406 καὶ
448 1367 517 1406 τὰς
542 1365 766 1417 μαρτυρίας,
794 1364 844 1406 ἵν’
871 1366 1011 1415 εἰδῆτε.

647 1526 792 1553 ΝΟΜΟῙ.
840 1525 1065 1553 ΜΑΡΤΥΡΙΑΙ.

259 1600 319 1640 Οὐ
344 1602 476 1641 τοίνυν
511 1602 632 1651 μόνον
666 1604 708 1642 ἐκ
738 1602 885 1642 τούτων
916 1601 965 1642 ἂν
999 1602 1169 1654 γνοίητε,
1196 1602 1256 1642 ὅτι
1285 1601 1416 1642 δεινὸν
1446 1601 1526 1642 οὐδ’
1548 1614 1588 1637 20

193 1668 320 1708 ὁτιοῦν
354 1667 552 1708 πέπονθεν
582 1669 651 1709 τὸν
681 1669 889 1721 ἄνθρωπον
921 1668 988 1708 οὐκ
1019 1669 1200 1710 ἐκδόντος
1231 1670 1323 1719 ἐμοῦ
1350 1670 1524 1720 βασανί-

195 1734 285 1784 ζειν,
307 1735 413 1774 ἆλλᾶ
439 1735 502 1774 καὶ
527 1736 572 1775 τὸ
603 1735 749 1788 πρᾶγμ’
767 1735 850 1775 αὔτ’
869 1737 902 1776 εἰ
932 1734 1171 1787 σκέψαισθε.
1222 1738 1352 1786 θῶμεν
1377 1737 1453 1788 γὰρ
1479 1735 1523 1785 δὴ

192 1800 260 1841 τὸν
292 1802 450 1841 Μιλύαν
486 1802 550 1842 ἐπὶ
580 1806 649 1842 τοῦ
679 1806 824 1855 τροχοῦ
854 1805 1165 1854 στρεβλοῦσθαι,
1194 1803 1257 1842 καὶ
1287 1804 1329 1842 τί
1359 1802 1525 1853 μάλιστ’

192 1866 240 1907 ἂν
265 1868 382 1908 αὐτὸν
407 1868 560 1918 εὔξαιτο
586 1868 721 1922 λέγειν
748 1873 970 1920 σκοπῶμεν.
1044 1870 1117 1923 οὐχ
1136 1870 1292 1909 ὅτιτῶν
1311 1868 1525 1922 χρημάτων

1473 1939 1491 1948 Λ
1516 1935 1525 1949 ’

193 1933 272 1974 οὐδ’
299 1935 427 1975 ὁτιοῦν
453 1935 558 1976 οἶδεν
589 1940 728 1977 τοῦτον
759 1937 922 1990 ἕχοντα;
963 1937 1024 1976 καὶ
1058 1936 1103 1986 δὴ
1135 1936 1257 1988 λέγει.
1330 1938 1394 1976 διὰ
1422 1952 1513 1976 τουτ
1548 1947 1586 1978 ²5

239 2054 258 2074 2
281 2045 448 2086 ’γέγραφας
467 2046 491 2075 F
505 2047 534 2076 D
648 2057 698 2078 συ·
725 2047 1010 2088 κατεμαρτύρησαν
1028 2047 1051 2077 S
1064 2047 1088 2076 F
1102 2047 1149 2077 D:
1175 2045 1527 2087 συγκατεμαρτύρησαν

196 2087 233 2118 Sl
247 2088 278 2118 A
344 2098 363 2127 3
388 2090 458 2130 περί
472 2103 512 2129 γε
530 2090 604 2130 τοῦ]
623 2092 674 2122 καὶ
692 2093 760 2131 περὶ
784 2093 841 2122 τοῦ
865 2090 896 2131 γ’
915 2091 957 2121 F:
982 2092 1032 2121 καὶ
1050 2092 1117 2131 περὶ
1135 2092 1192 2121 τοῦ
1208 2090 1240 2119 Α
1318 2098 1380 2128 3-4
1405 2087 1525 2120 πάντας

196 2133 259 2172 ἐγώ
276 2139 309 2172 φ.
328 2131 358 2161 Α
377 2144 384 2162 :
408 2145 440 2163 π.
463 2132 569 2174 ἔγωγέ
585 2140 619 2173 φ.
637 2133 679 2164 S:
707 2134 771 2174 ἐγώ
788 2141 821 2173 φ.
841 2147 873 2164 π.
895 2133 920 2163 F
934 2133 962 2163 D
1027 2144 1044 2172 7
1071 2135 1175 2165 δοῦναι
1192 2133 1303 2165 codd..
1324 2132 1364 2162 cs.
1384 2131 1523 2170 Antiph.

196 2175 206 2204 i
223 2185 254 2213 9,
273 2184 320 2211 12,
344 2175 421 2214 LyS-
444 2176 487 2205 vii
504 2186 545 2215 43
562 2188 568 2207 ι
596 2179 739 2208 ἐκδοῦναι
758 2187 822 2215 mg.
844 2177 895 2207 ed.
919 2176 1022 2209 Paris.
1042 2188 1069 2207 a.
1094 2187 1176 2216 1570
1301 2175 1357 2216 δὴ]
1377 2175 1478 2212 δήπου
1492 2174 1524 2204 Α

195 2218 215 2248 8
239 2220 322 2259 αὐτῷ
346 2217 369 2248 S
516 2229 554 2249 12
579 2220 853 2260 ὁμολογουμένους
875 2220 953 2258 FD,
979 2220 1019 2252 cf.
1046 2221 1103 2250 xiv
1130 2231 1176 2258 ΙΙ,
1204 2220 1283 2250 xxvi
1307 2229 1358 2256 22,
1386 2218 1433 2248 lix
1463 2227 1522 2256 107

198 2271 236 2299 14
262 2262 397 2302 ἀγαγεῖν
416 2262 442 2292 F
513 2273 549 2301 17
575 2265 765 2302 καθὺφεῖκεν
791 2263 837 2293 S:
863 2267 1042 2303 καθυφῆκεν
1067 2264 1155 2302 vulg.
1233 2273 1272 2303 19
1296 2267 1431 2294 NOMOI
1454 2271 1521 2290 om.

336 2315 376 2335 22
402 2309 574 2346 σκεψαισθε
593 2306 711 2336 Wolf:
737 2306 894 2345 σκέψεσθε
913 2306 936 2337 S
955 2318 961 2337 :
987 2307 1150 2347 σκέψησθε
1162 2307 1191 2337 Α
1207 2318 1213 2338 t
1240 2305 1402 2346 σκέψασθε
1417 2303 1442 2334 F
1455 2303 1484 2333 D
1496 2304 1525 2335 εἰ

195 2348 318 2378 omisso
410 2349 463 2389 δὴ]
482 2351 542 2387 ἤδη
558 2349 589 2378 Α
723 2359 762 2388 25
788 2349 841 2390 δὴ]
862 2353 912 2381 δεῖ
926 2350 950 2380 S
1040 2350 1151 2391 λέγειν
1169 2350 1208 2380 5¹
