1685 2772
76 525 93 556 5

56 859 94 881 10

57 1192 94 1224 ¹5

58 1526 97 1547 20

58 1860 95 1890 ²5

117 124 282 179 xxxvn]
432 129 594 168 ΠΡΟΣ
642 130 1108 168 ΠΑΝΤΑΙΝΕΤΟΝ

184 241 438 287 Δεδωκότων,
465 237 494 280 ὦ
521 238 659 291 ἄνδρες
688 241 883 286 δικασταί,
910 243 987 280 τῶν
1018 240 1151 291 νόμων
1182 242 1448 295 παραγράψα-

116 311 210 348 σθαι
234 308 322 360 περὶ
346 308 400 348 ὧν
425 306 473 347 ἄν
502 323 560 348 τις
589 306 706 358 ἀφεὶς
736 307 798 346 καὶ
832 305 1069 357 ἀπαλλάξας
1100 306 1313 358 δικάζηται,
1334 326 1448 362 γεγε-

114 373 294 425 νημένων
318 373 556 426 ἀμφοτέρων
579 389 646 424 μοι
669 373 819 413 τούτων
848 373 946 424 πρὸς
978 375 1253 415 Πανταίνετον
1281 378 1448 423 τουτονί,

115 439 446 493 παρεγραψάμην,
474 440 526 482 ὣς
553 439 742 490 ἠκούσατ’
776 440 930 491 ἀρτίως,
963 440 1015 491 μὴ
1049 441 1320 493 εἰσαγώγιμον
1351 443 1451 484 εἶναι

114 508 186 558 τὴν
215 508 338 557 δίκην,
372 507 442 547 οὐκ
471 507 650 557 οἰόμενος
680 510 762 547 δεῖν
793 507 989 557 ἀφεῖσθαι
1019 511 1086 547 τοῦ
1119 508 1268 549 δικαίου
1297 510 1448 557 τούτου,

115 574 209 620 οὐδ’,
236 575 394 614 ἐπειδὰν
417 572 615 625 ἐξελέγξω
641 573 737 625 πρὸς
763 572 891 613 ἅπασι
912 578 994 616 τοῖς
1014 573 1156 616 ἄλλοις
1177 576 1238 616 καὶ
1258 577 1451 629 ἀφεικότα

113 644 252 681 τοῦτον
290 640 456 691 ἐμαυτὸν
497 641 558 680 καὶ
596 639 922 692 ἀπηλλαγμένον,
960 640 1199 692 ἐγγενέσθαι
1236 643 1359 698 τούτῳ
1397 643 1449 695 μὴ

114 707 287 759 φάσκειν
312 708 440 757 ἀληθῆ
459 724 507 757 με
532 705 681 758 λέγειν,
708 707 771 746 καὶ
797 710 1000 747 ποιεῖσθαι
1027 707 1236 760 τεκμήριον
1256 710 1319 756 ὡς,
1341 712 1450 763 εἴπερ

113 773 292 827 ἐπράχθη
330 790 368 813 τι
405 777 594 819 τοιοῦτον,
635 772 957 825 παρεγραψάμην
997 773 1046 814 ἂν
1084 775 1213 822 αὐτόν,
1255 776 1346 817 ἀλλ’
1385 778 1450 818 ἐπὶ

113 840 256 891 ταύτης
279 842 349 891 τῆς
374 838 562 893 σκήψεως
589 841 783 880 εἰσελθὼν
814 840 1006 892 ἀμφότερ’
1037 842 1128 892 ὑμῖν
1158 843 1361 894 ἐπιδεῖξαι,
1389 844 1451 884 καὶ

115 908 165 950 ὡς
190 907 304 948 οὐδὲν
328 907 492 958 ἠδίκηκα
515 910 655 947 τοῦτον
681 908 742 947 καὶ
770 907 820 949 ὡς
846 909 950 959 παρὰ
975 908 1045 948 τὸν
1071 910 1192 960 νόμον
1215 927 1281 960 μοι
1302 910 1448 961 δικάζε-

114 992 190 1015 ται.
261 975 294 1015 εἰ
317 976 389 1025 μὲν
414 967 484 1015 οὖν
510 974 720 1015 ἐπεπόνθει
748 991 786 1014 τι
814 975 963 1014 τούτων
994 977 1266 1019 Πανταίνετος
1295 979 1349 1018 ὧν
1382 982 1452 1019 νῦν

115 1043 288 1094 ἐγκαλεῖ,
317 1041 398 1082 κατ’
429 1042 599 1083 ἐκείνους
629 1041 678 1082 ἂν
704 1041 796 1083 τοὺς
825 1042 992 1095 χρόνους
1024 1043 1136 1085 εὐθὺς
1168 1045 1357 1096 ἐφαίνετό
1385 1062 1453 1096 μοι,

115 1109 380 1160 δικαζόμενος,
423 1110 465 1150 ἐν
503 1109 561 1150 οἷς
597 1108 641 1149 τὸ
684 1109 936 1160 συμβόλαιον
979 1109 1071 1160 ἡμῖν
1108 1114 1205 1164 πρὸς
1248 1111 1452 1162 ἀλλήλους

115 1175 286 1228 ἐγένετο,
324 1176 456 1216 οὐσῶν
493 1178 567 1227 μὲν
603 1174 787 1227 ἐμμήνων
827 1176 976 1217 τούτων
1018 1181 1096 1218 τῶν
1136 1181 1266 1225 δικῶν,
1314 1180 1444 1230 ἐπιδη-

113 1243 291 1294 μούντων
311 1243 344 1283 δ’
363 1243 472 1294 ἡμῶν
491 1242 741 1296 ἀμφοτέρων,
759 1242 944 1285 ἁπάντων
963 1244 995 1285 δ’
1015 1245 1232 1296 ἀνθρώπων
1253 1247 1448 1288 εἰωθότων

115 1309 205 1363 παρ’
230 1310 330 1351 αὐτὰ
352 1309 593 1362 τάδικήματα
616 1313 772 1361 μᾶλλον
789 1308 813 1361 ἢ
833 1311 987 1364 χρόνων
1007 1312 1329 1364 ἐγγεγενημένων
1349 1315 1444 1366 ἀγα-

116 1382 285 1418 νακτεῖν.
345 1377 477 1428 ἐπειδὴ
504 1377 536 1417 δ’
562 1377 675 1418 οὐδὲν
702 1377 946 1428 ἠδικημένος,
975 1378 1026 1419 ὡς
1056 1380 1118 1419 καὶ
1147 1381 1257 1430 ὑμεῖς
1286 1380 1357 1421 οἶδ’
1387 1382 1446 1421 ὅτι

116 1444 282 1497 φήσετε,
317 1445 477 1485 ἐπειδὰν
511 1446 559 1484 τὰ
595 1444 837 1497 πεπραγμέν’
871 1445 1078 1495 ἀκούσητε,
1112 1450 1165 1501 τῷ
1200 1450 1445 1500 κατορθῶσαι

115 1511 187 1562 τὴν
219 1511 315 1564 πρὸς
349 1512 525 1564 Εὔεργον
556 1512 665 1561 δίκην
695 1511 911 1563 ἐπηρμένος
943 1517 1198 1564 συκοφαντεῖ,
1226 1515 1444 1555 ὑπόλοιπόν

117 1580 205 1619 ἐστι
246 1577 336 1630 παρ’
377 1579 480 1629 ὑμῖν,
519 1576 548 1618 ὦ
583 1577 720 1630 ἄνδρες
761 1579 956 1625 δικασταί,
1001 1577 1235 1629 ἐπιδείξανθ’
1279 1581 1328 1622 ὡς
1365 1581 1443 1621 οὐδ’

116 1647 246 1686 ὁτιοῦν
289 1646 420 1691 ἀδικῶ,
466 1646 527 1685 καὶ
568 1644 763 1697 μάρτυρας
803 1647 857 1685 ὧν
893 1644 941 1685 ἂν
981 1644 1088 1697 λέγω
1123 1648 1443 1700 παρασχόμενον,

117 1715 327 1765 πειρᾶσθαι
365 1710 501 1767 σῴζειν
538 1713 717 1762 ἐμαυτόν.
792 1711 986 1763 δεήσομαι
1028 1715 1069 1753 δὲ
1111 1714 1174 1753 καὶ
1209 1713 1347 1766 μέτρια
1384 1716 1446 1755 καὶ

117 1778 230 1819 δίκαι’
253 1780 361 1830 ὑμῶν
385 1778 581 1825 ἁπάντων,
604 1780 776 1819 ἀκοῦσαί
791 1779 834 1820 τέ
850 1796 925 1830 μου
945 1781 1033 1831 περὶ
1053 1781 1108 1820 ὧν
1127 1780 1446 1834 παρεγραψάμην

117 1846 313 1891 εὐνοϊκῶς,
337 1847 398 1886 καὶ
418 1844 634 1899 προσέχειν
654 1847 733 1900 ὅλῳ
754 1850 807 1901 τῷ
827 1846 1028 1899 πράγματι
1051 1847 1121 1887 τὸν
1140 1851 1244 1888 νοῦν·
1283 1852 1447 1889 πολλῶν

116 1914 191 1964 γὰρ
217 1915 334 1952 δικῶν
365 1913 406 1952 ἐν
436 1918 484 1969 τῇ
513 1913 628 1953 πόλει
657 1913 947 1965 γεγενημένων,
975 1913 1117 1954 οὐδένα
1145 1932 1205 1955 πω
1232 1916 1342 1965 δίκην
1367 1915 1446 1955 οὔτ’

116 1978 399 2031 ἀναιδεστέραν
445 1979 534 2020 οὔτε
581 1980 977 2033 συκοφαντικωτέραν
1024 1982 1156 2032 οἴομαι
1192 1981 1448 2035 φανήσεσθαι

160 2097 180 2126 3
204 2085 327 2118 τούτων
344 2096 407 2117 om.
430 2086 464 2119 S,
486 2086 547 2117 sed
565 2086 605 2117 ef.
629 2090 644 2123 ξ
666 2097 716 2127 19,
734 2088 861 2118 xxxviii
883 2099 896 2119 1
1079 2099 1095 2128 7
1121 2090 1172 2121 καὶ
1196 2089 1448 2131 ἀπηλλαγμένον

117 2131 195 2160 secl.
217 2129 321 2169 Paley
425 2130 610 2171 ἐνὙενέσθαι
628 2129 652 2160 S
756 2133 800 2171 μὴ
817 2142 900 2163 sscr.
918 2132 993 2162 add.
1014 2132 1053 2163 Sl
1173 2143 1212 2163 10
1236 2133 1323 2173 ὑμῖν]
1345 2136 1448 2165 αὐτῶν

119 2173 228 2212 Etym.
250 2173 361 2213 Magn.
382 2183 455 2212 717.
476 2182 513 2203 11
529 2184 536 2203 :
562 2175 659 2205 αὐτὸν
677 2174 819 2205 Photius
836 2185 862 2206 s.
877 2186 907 2206 v.
929 2178 1044 2215 σκῆψις
1158 2177 1298 2218 ἐπιδείξω
1313 2176 1336 2207 S
1359 2180 1394 2212 (w
1412 2177 1446 2206 in

119 2226 185 2247 ras.
204 2217 226 2246 ii
243 2216 335 2257 litu),
353 2217 391 2247 E.
411 2216 467 2256 M.‚
489 2216 587 2248 Phot.
718 2228 753 2248 11
781 2218 958 2256 ἠδικηκότα
976 2219 999 2249 S
1127 2229 1164 2258 15
1191 2220 1339 2261 ἐγίγνετο
1359 2220 1424 2258 FQ
1440 2231 1447 2250 :

119 2260 247 2300 ἐγίνετο
266 2261 296 2291 D
443 2260 567 2292 τούτων
582 2264 648 2293 τῶν
665 2264 760 2294 δικῶν
781 2262 825 2292 S:
851 2265 915 2293 τῶν
932 2265 1027 2294 δικῶν
1046 2263 1168 2295 τούτων
1186 2263 1274 2303 vulg.
1292 2275 1297 2293 :
1323 2263 1447 2295 τούτων

118 2306 183 2334 ’τῶν
200 2304 327 2336 δικαίων
343 2303 374 2334 Α
533 2305 571 2334 18
596 2305 630 2336 εὖ
646 2305 704 2336 οἶδ’
723 2304 790 2343 FQ
946 2315 987 2343 23
1011 2309 1176 2348 πειρᾶσθαι
1193 2307 1233 2345 Α,
1255 2307 1295 2338 cf.
1316 2318 1385 2337 xxx
1404 2317 1423 2345 3
1440 2319 1446 2336 :

119 2347 307 2387 πειράσομαι
326 2347 350 2377 F
362 2347 392 2386 Q
406 2359 412 2378 :
441 2346 651 2388 πειράσασθαι
671 2348 694 2378 S
784 2348 898 2389 μέτρια
917 2350 967 2380 καὶ
980 2349 1082 2381 δίκαια
1096 2350 1120 2380 S
1134 2356 1166 2380 et
1180 2350 1309 2380 xxxviii
1322 2360 1342 2380 2
1361 2351 1385 2380 F
1397 2351 1426 2389 Q
1439 2361 1445 2379 :

120 2390 224 2421 δίκαια
239 2392 289 2422 καὶ
306 2396 419 2431 μέτρια
435 2391 489 2421 hic
506 2391 594 2430 vulg.
614 2396 647 2421 et
663 2391 791 2421 xxxviii
809 2402 827 2420 2
847 2392 870 2422 S
884 2391 915 2422 A
1048 2403 1088 2431 24
1112 2393 1152 2425 τέ
1165 2393 1241 2434 μου]
1260 2394 1289 2425 τ’
1311 2397 1384 2434 ἐμοῦ
1400 2393 1431 2424 Α

187 2467 276 2488 nmo
1322 2461 1361 2490 10

1474 124 1599 180 [966]

1481 1376 1602 1431 [967]
