1685 2772
55 126 171 181 [889]

129 401 173 437 27

127 1264 172 1301 29

124 1739 171 1772 30

629 134 1113 173 ΔΗΜΟΣΘΕΝΟΤΣ
1399 131 1534 186 [xxxn

205 262 296 293 των,
318 246 407 287 οὐδὲ
423 246 544 299 φύσει
565 245 739 299 χρηστὸς
765 244 818 286 ὢν
834 245 1039 298 ἅνθρωπος
1064 248 1186 296 δῆλον
1201 246 1273 292 ὅτι,
1296 246 1361 287 ἐπὶ
1377 247 1536 288 τούτους

205 314 425 359 ἀποκλίνει,
454 314 517 354 καὶ
543 317 747 366 συγχωρεῖ
768 313 840 363 τὴν
864 314 974 363 δίκην
1001 314 1145 365 ἔρημον
1169 314 1326 365 ὀφλεῖν,
1348 312 1397 364 ἣν
1423 314 1537 356 οὗτος

206 380 308 436 αὐτῷ
334 380 531 434 λαγχάνει
555 381 657 426 τότε,
686 379 742 420 ὅτ’
767 381 874 421 οὔπω
900 380 1006 420 ταῦτ’
1032 381 1240 433 ἐφρόνουν.
1302 382 1335 422 εἷ
1363 384 1437 432 μὲν
1461 383 1537 434 γὰρ

205 448 336 500 ἀφῆκε
355 448 423 488 τὸν
439 451 621 500 Πρῶτον,
642 446 896 500 ἐξελήλεγκτ’
914 447 962 488 ἂν
980 447 1122 490 εὐθέως
1141 448 1241 499 ἡμᾶς
1258 452 1534 501 συκοφαντῶν·

205 516 349 567 ὀφλεῖν
382 517 424 555 δὲ
458 515 592 566 παρὼν
629 516 778 556 ἐκεῖνος
812 514 856 555 οὐ
886 515 1115 568 συνεχώρει,
1151 515 1201 556 ἵν’
1232 516 1300 556 ἐὰν
1328 517 1401 567 μὲν
1434 515 1535 571 αὐτῷ
1556 531 1573 562 5

205 585 374 622 ποιῶσιν
395 583 419 622 ἃ
439 580 827 634 ὡμολογήκασιν-,
846 583 879 622 εἰ
904 585 946 622 δὲ
970 581 1035 632 μή,
1056 582 1126 632 τὴν
1152 582 1296 634 ἔρημον
1321 582 1534 639 ἀντιλάχῃ.

205 650 312 689 ἀλλὰ
336 650 379 690 τί
399 651 538 696 ταῦτα;
578 650 611 689 εἰ
635 651 708 700 μὲν
732 651 807 701 γὰρ
824 649 848 689 ἃ
872 649 1075 702 γέγραφεν
1094 649 1207 691 οὗτος
1233 651 1286 692 εἷς
1306 649 1350 690 τὸ
1370 649 1534 702 ἔγκλημ’

206 717 342 762 ἐποίει,
365 716 433 756 οὐκ
458 717 603 768 ὀφλεῖν
622 715 670 756 ἂν
696 717 806 766 δίκην
832 716 1001 762 δικαίως,
1020 716 1111 756 ἀλλ’
1137 717 1351 757 ἀποθανεῖν
1371 719 1536 770 Πρῶτος

206 783 340 835 ἔμοιγε
365 786 484 823 δοκεῖ.
545 784 579 823 εἰ
598 784 673 835 γὰρ
700 784 741 823 ἐν
769 787 900 825 κακοῖς
931 783 993 823 καὶ
1017 787 1184 836 χειμῶνι
1209 787 1402 824 τοσοῦτον
1425 784 1536 824 οἶνον

205 850 340 891 ἔπινεν
364 849 462 890 ὥσθ’
495 850 634 901 ὅμοιον
669 849 768 890 εἶναι
795 850 929 904 μανίᾳ,
954 849 995 890 τί
1025 851 1094 891 οὐκ
1127 849 1236 901 ἄξιός
1262 852 1349 891 ἐστι
1373 853 1533 898 παθεῖν;
1558 865 1598 888 10

204 913 227 967 ἢ
266 918 299 958 εἰ
332 916 528 969 γράμματ’
555 917 764 963 ἔκλεπτεν;
816 918 849 957 εἰ
876 916 1123 971 ὑπανέῳγεν;
1173 918 1281 957 ἀλλὰ
1315 920 1436 958 ταῦτα
1463 919 1536 968 μὲν

204 983 314 1024 αὐτοὶ
340 983 436 1036 πρὸς
456 984 617 1024 ἑαυτοὺς
636 985 745 1034 ὑμεῖς
770 985 877 1025 ὅπως
897 983 984 1023 ποτ’
1012 984 1096 1037 ἔχει
1115 986 1393 1036 διακρινεῖσθε·
1430 989 1478 1041 τῇ
1502 983 1535 1025 δ’

205 1051 278 1108 ἐμῇ
302 1051 388 1106 δίκῃ
414 1052 537 1102 μηδὲν
562 1051 711 1100 ἐκείνης
737 1051 929 1102 πρόσαγε.
991 1052 1028 1091 εἴ
1049 1052 1089 1091 τί
1107 1050 1145 1090 σ’
1165 1051 1346 1101 ἠδίκηκεν
1372 1051 1392 1090 ὁ
1417 1053 1533 1103 Πρῶ-

202 1134 269 1159 τος
303 1114 327 1168 ἢ
360 1116 492 1170 λέγων
523 1114 546 1167 ἢ
579 1121 716 1164 ποιῶν,
744 1117 850 1170 ἔχεις
884 1117 935 1159 ὡς
969 1118 1071 1158 ἔοικε
1101 1118 1223 1168 δίκην·
1268 1117 1393 1160 οὐδεὶς
1424 1117 1536 1169 ἡμῶν

203 1185 387 1230 ἐκώλυεν,
433 1184 523 1225 οὐδὲ
564 1188 633 1224 νῦν
672 1188 934 1236 παραιτεῖται.
1006 1186 1040 1225 εἰ
1079 1183 1450 1237 σεσυκοφάντηκας,
1491 1184 1536 1225 οὐ
1559 1202 1596 1233 15

203 1252 549 1304 περιεργαζόμεθα.
620 1251 666 1301 νὴ
707 1251 784 1297 Δί’,
823 1251 916 1291 ἀλλ’
953 1252 1131 1292 ἐκποδών
1170 1253 1280 1292 ἐστιν
1317 1251 1534 1304 ἅνθρωπος.

204 1317 267 1358 διά
292 1317 329 1371 γ’
354 1319 464 1370 ὑμᾶς,
493 1319 557 1358 ἵνα
580 1318 649 1359 τάς
683 1335 723 1358 τε
757 1319 971 1371 μαρτυρίας
1008 1319 1077 1359 τὰς
1109 1318 1298 1370 ἡμετέρας
1328 1319 1441 1374 λίπῃ,
1475 1319 1536 1358 καὶ

204 1388 273 1426 νῦν
296 1387 405 1436 ὑμεῖς
430 1387 452 1425 ὅ
475 1402 513 1425 τι
537 1384 585 1425 ἂν
609 1386 820 1436 βούλησθε
854 1385 1001 1437 λέγητε
1026 1385 1108 1425 κατ’
1135 1385 1264 1425 αὐτοῦ.
1325 1387 1358 1425 εἰ
1385 1386 1458 1437 γὰρ
1483 1385 1536 1436 μὴ

204 1451 254 1493 δι’
278 1453 386 1504 ὑμῶν
411 1453 552 1504 ἔρημος
582 1452 754 1504 ἐγίγνεθ’
779 1452 802 1503 ἡ
836 1454 936 1503 δίκη,
965 1451 1030 1504 ἅμ’
1061 1451 1109 1493 ἂν
1137 1452 1256 1493 αὐτὸν
1285 1456 1538 1505 προσεκαλοῦ

206 1518 268 1560 καὶ
295 1521 515 1572 κατηγγύας
541 1519 637 1570 πρὸς
662 1522 731 1560 τὸν
757 1518 1028 1573 πολέμαρχον,
1058 1520 1120 1560 καὶ
1154 1521 1187 1560 εἰ
1217 1521 1289 1570 μὲν
1315 1518 1538 1569 κατέστησέ
1559 1536 1600 1558 20

205 1603 271 1626 σοι
288 1586 378 1628 τοὺς
395 1585 600 1639 ἐγγυητάς,
616 1585 750 1637 μένειν
770 1585 1001 1639 ἠναγκάζετ’
1028 1586 1087 1632 ἄν,
1114 1583 1137 1636 ἢ
1159 1586 1208 1626 σὺ
1228 1585 1318 1638 παρ’
1337 1587 1392 1626 ὧν
1411 1585 1537 1638 λήψει

203 1653 314 1704 δίκην
340 1655 518 1704 ἑτοίμους
543 1653 660 1706 εἶχες,
689 1655 723 1693 εἰ
749 1655 791 1694 δὲ
820 1653 872 1704 μὴ
900 1653 1158 1704 κατέστησεν,
1188 1654 1243 1695 εἰς
1266 1652 1311 1693 τὸ
1337 1651 1464 1704 οἴκημ’
1488 1651 1537 1692 ἂν

201 1719 276 1776 ᾔει.
338 1724 407 1761 νῦν
441 1723 481 1761 δὲ
513 1720 801 1771 κοινωσάμενοι
837 1723 881 1760 τὸ
915 1723 1088 1773 πρᾶγμα,
1117 1721 1137 1759 ὁ
1169 1722 1243 1771 μὲν
1276 1721 1339 1760 διὰ
1369 1723 1443 1759 σοῦ
1466 1718 1538 1769 τὴν

203 1791 414 1840 γεγονυῖαν
434 1788 587 1828 ἔκδειαν
614 1788 683 1827 οὐκ
710 1788 935 1828 ἀποδώσειν
960 1788 1052 1838 ἡμῖν
1078 1789 1212 1833 οἴεται,
1242 1786 1293 1827 σὺ
1326 1785 1360 1826 δ’
1387 1786 1538 1827 ἐκείνου

203 1859 433 1908 κατηγορῶν
458 1859 535 1895 τῶν
561 1854 761 1906 ἡμετέρων
782 1855 911 1907 κύριος
935 1854 1194 1907 γενήσεσθαι.
1245 1852 1456 1906 τεκμήριον
1481 1852 1536 1893 δέ·
1560 1871 1598 1902 25

204 1922 282 1974 ἐγὼ
307 1925 380 1973 μὲν
406 1924 481 1975 γὰρ
501 1921 620 1962 αὐτὸν
647 1922 866 1972 κλητεύσω,
895 1921 944 1962 σὺ
970 1921 1002 1961 δ’
1029 1922 1117 1962 οὔτε
1143 1920 1424 1973 κατηγγύησας
1448 1920 1538 1960 οὔτε

203 1992 271 2030 νῦν
298 1992 541 2040 κλητεύσεις.

251 2109 264 2128 1
292 2099 451 2141 ἅνθρωπος
470 2098 633 2131 Schaefer
652 2110 657 2129 :
683 2099 844 2139 ἅνθρωπος
862 2097 951 2137 vulg.
973 2098 1063 2137 (sine
1080 2098 1201 2137 spiritu
1221 2096 1260 2134 S)
1363 2106 1382 2126 2
1407 2108 1538 2136 συγχω·

203 2144 270 2183 ρεῖν
286 2143 310 2173 S
380 2143 472 2183 ὄφλει
491 2144 514 2174 S
535 2144 566 2182 (ν
583 2141 696 2180 eraso)
787 2151 806 2180 3
830 2143 933 2173 ταύτὰ
951 2141 975 2171 S
988 2142 1038 2172 A:
1065 2144 1168 2173 ταῦτα
1183 2141 1273 2179 vulg.
1364 2140 1384 2169 8
1409 2143 1538 2180 Πρῶτος

207 2186 249 2216 S:
274 2188 290 2217 ὁ
307 2192 344 2217 Π.
365 2187 453 2225 vulg.
616 2196 654 2215 10
679 2187 750 2216 ἐστι
767 2185 799 2215 Α
816 2190 849 2215 et
868 2187 926 2223 (ex
944 2185 1041 2224 ειστι)
1062 2184 1108 2214 S:
1134 2187 1180 2222 εἴη
1197 2184 1289 2222 vulg.
1448 2191 1483 2212 11
1511 2183 1540 2214 εἷ
1594 2188 1595 2191 ’

205 2228 388 2270 ὑπανέῳγεν
410 2230 454 2260 S:
479 2231 498 2268 ἢ
516 2231 543 2261 εἷ
560 2232 610 2261 ὑπ.
628 2229 659 2259 Α
672 2228 736 2267 FQ
753 2228 781 2257 D
953 2238 990 2258 12
1014 2228 1102 2259 αὐτοὶ
1120 2238 1184 2258 om.
1204 2227 1271 2265 FQ
1287 2227 1316 2256 D
1472 2228 1538 2257 δια-

207 2273 351 2312 κρίνεσθε
370 2273 435 2303 SA
550 2282 587 2311 15
614 2274 751 2303 ἐκώλυεν
769 2271 812 2302 S:
841 2273 1002 2303 ἐκώλυσεν
1018 2271 1105 2309 vulg.
1123 2282 1130 2301 t
1155 2283 1193 2302 σε
1210 2270 1387 2302 κωλύσειεν
1403 2268 1434 2299 Α
1510 2269 1540 2301 εἴ

208 2316 232 2346 S
248 2327 254 2346 :
280 2317 307 2347 εἶ
323 2316 357 2348 δὲ
374 2317 461 2356 vulg.
591 2317 629 2345 16
654 2315 813 2356 ἅνθρωπος
834 2314 992 2345 Bekker:
1019 2315 1177 2355 ἅνθρωπος
1196 2314 1291 2344 codd.
1311 2313 1400 2347 (sine
1418 2312 1538 2351 spiritu

207 2359 248 2398 S)
386 2370 422 2398 17
448 2359 600 2401 ὑμετέρας
618 2358 641 2389 S
748 2359 836 2390 λίπει
857 2357 902 2388 S:
928 2360 1024 2399 λείπῃ
1041 2357 1073 2386 Α
1223 2358 1262 2386 18
1285 2358 1348 2398 γὰρ
1363 2357 1406 2395 μὴ
1426 2355 1468 2387 S:
1493 2357 1537 2394 μὴ

205 2403 268 2443 ’γὰρ
287 2403 374 2441 vulg.
391 2415 397 2433 :
420 2404 482 2444 γὰρ
499 2403 529 2432 Α
636 2412 677 2440 23
701 2401 762 2443 ᾔει]
785 2402 910 2438 ἆπῆκτο
928 2401 959 2430 Α
1050 2402 1109 2438 τὴν
1126 2411 1190 2431 om.
1212 2400 1235 2430 S
1347 2410 1387 2437 24
1414 2400 1538 2431 ἔκδειαν

206 2446 236 2476 Α
251 2445 286 2476 F¹
302 2447 351 2477 D:
380 2447 500 2478 ἔνδειαν
519 2447 542 2476 S
556 2446 581 2476 F
599 2454 683 2476 corr.
704 2444 735 2484 Q
827 2446 869 2475 26
894 2444 918 2476 δ’
936 2444 1024 2484 οὔτε]
1045 2447 1071 2475 δ’
1089 2446 1122 2475 οὐ
1142 2444 1165 2473 S
1265 2454 1303 2484 27
1331 2443 1498 2481 κλητεύεις
1513 2442 1536 2472 S
