1685 2772
152 124 302 178 xxmx]
373 128 517 165 ΠΡΟΣ
555 127 805 165 ΒΟΙΩΤΟΝ
847 128 974 164 ΠΕΡΙ
1011 127 1123 164 ΤΟΎ
1159 126 1469 164 ΟΝΟΜΑΤΟΣ
1511 114 1644 169 [994]

153 241 320 279 πολλοῖς
349 236 497 277 ἄτοπον
527 234 633 285 δόξει
666 236 710 275 τὸ
742 238 852 286 δίκην
884 237 951 286 ἐμὲ
980 235 1214 289 λαγχάνειν,
1243 237 1280 276 εἴ
1306 252 1364 276 τις
1398 235 1484 285 ἐμοὶ
1517 230 1644 285 [995]

153 304 296 345 ταύτὸν
332 303 439 354 ὄνομ’
467 305 590 343 οἴεται
623 306 704 343 δεῖν
734 302 854 356 ἔχειν·
893 302 984 342 ἀλλ’
1011 303 1226 354 ἀναγκαῖον
1257 301 1304 353 ἦν
1335 303 1377 342 ἐκ
1407 306 1485 342 τῶν

155 370 490 422 συμβησομένων,
518 371 551 411 εἰ
575 370 628 421 μὴ
658 373 772 410 τοῦτο
802 369 1081 421 διορθώσομαι,
1108 371 1150 410 ἐν
1175 370 1266 420 ὑμῖν
1294 371 1484 421 κριθῆναι.

155 439 188 478 εἰ
212 440 285 489 μὲν
311 438 378 478 οὖν
404 437 537 489 ἑτέρου
563 436 666 478 τινὸς
693 437 807 479 οὗτος
830 437 907 488 ἔφη
934 435 1080 488 πατρὸς
1111 436 1210 476 εἶναι
1242 437 1304 476 καὶ
1336 436 1388 486 μὴ
1419 439 1487 476 τοῦ
1517 445 1538 470 2

116 522 133 553 5
156 507 262 555 ἐμοῦ,
301 505 506 557 περίεργος
543 504 591 544 ἂν
630 504 788 544 εἰκότως
825 503 984 543 ἐδόκουν
1017 502 1116 543 εἶναι
1153 504 1375 555 φροντίζων
1405 503 1427 542 ὅ
1450 520 1488 543 τι

153 572 347 623 βούλεται
382 575 517 612 καλεῖν
553 571 666 612 οὗτος
700 570 848 611 ἑαυτόν.
920 573 988 610 νῦν
1027 572 1069 610 δὲ
1107 571 1245 623 λαχὼν
1283 571 1395 620 δίκην
1433 573 1485 624 τῷ

155 639 272 690 πατρὶ
300 643 351 693 τῷ
389 640 467 693 ἐμῷ
507 638 568 678 καὶ
603 636 690 688 μεθ’
727 639 865 677 ἑαυτοῦ
895 636 1194 678 κατασκευάσας
1225 635 1485 689 ἐργαστήριον

156 709 430 758 συκοφαντῶν,
467 704 707 755 Μνησικλέα
737 721 792 749 τε,
833 702 878 743 ὃν
912 704 1012 745 ἴσως
1046 704 1292 755 γιγνώσκετε
1327 703 1484 750 πάντες,

157 773 220 812 καὶ
251 771 461 812 Μενεκλέα
490 771 560 812 τὸν
589 771 659 821 τὴν
689 774 817 811 Νῖνον
846 770 975 810 ἑλόντ’
1002 771 1166 817 ἐκεῖνον,
1196 772 1258 811 καὶ
1287 770 1486 814 τοιούτους

99 861 137 882 10
156 838 276 885 τινάς,
305 838 492 889 ἐδικάζεθ’
514 838 598 880 υἱὸς
625 837 725 878 εἶναι
754 836 924 890 φάσκων
956 839 999 878 ἐκ
1028 840 1098 888 τῆς
1125 839 1346 890 Παμφίλου
1372 840 1487 890 θυγα-

157 906 246 958 τρὸς
271 907 334 947 καὶ
359 906 465 946 δεινὰ
490 905 666 959 πάσχειν
692 894 848 955 καὶσῆς
873 905 1058 956 πατρίδος
1085 905 1407 956 ἀποστερεῖσθαι.
1468 906 1488 944 ὁ
1520 912 1539 946 3

158 973 285 1026 πατὴρ
310 973 352 1014 δέ
374 972 502 1024 (πᾶσα
525 975 600 1025 γὰρ
622 971 822 1024 εἰρήσεται
847 972 869 1022 ἡ
891 971 1056 1022 ἀλήθει’,
1079 971 1109 1013 ὦ
1128 972 1266 1024 ἄνδρες
1285 970 1489 1022 δικασταί)

157 1041 238 1092 ἅμα
272 1043 344 1092 μὲν
378 1040 631 1093 φοβούμενος
669 1041 724 1081 εἰς
761 1038 1014 1091 δικαστήριον
1054 1039 1232 1085 εἰσιέναι,
1259 1038 1311 1090 μή
1342 1056 1412 1085 τις,
1439 1039 1488 1080 οῖ’

155 1108 232 1149 ὑπὸ
257 1107 577 1159 πολιτευομένου,
599 1106 764 1158 ἑτέρωθί
781 1123 855 1147 που
872 1106 1146 1158 λελυπημένος
1166 1108 1349 1148 ἐνταυθοῖ
1362 1107 1485 1147 ἀπαν-

99 1196 138 1228 15
157 1174 314 1226 τήσειεν
343 1175 458 1229 αὐτῷ,
487 1174 566 1225 ἅμα
595 1173 628 1214 δ’
655 1172 914 1224 ἐξαπατηθεὶς
942 1174 1016 1214 ὑπὸ
1050 1177 1119 1225 τῆς
1148 1174 1302 1214 τουτουὶ
1326 1174 1485 1226 μητρός,

157 1241 364 1293 ὀμοσάσης
389 1241 506 1291 αὐτῆς
536 1240 559 1290 ἦ
585 1240 677 1291 μήν,
711 1242 779 1281 ἐὰν
807 1240 924 1292 ὅρκον
955 1240 1052 1297 αὐτῇ
1083 1244 1173 1295 διδῷ
1203 1241 1292 1293 περὶ
1323 1241 1485 1288 τούτων,

156 1308 208 1360 μὴ
234 1309 432 1359 ὀμεῖσθαι,
459 1307 606 1348 τούτων
636 1309 678 1347 δὲ
710 1306 969 1360 πραχθέντων
1001 1307 1113 1348 οὐδὲν
1148 1307 1202 1347 ἔτ’
1228 1307 1394 1348 ἔσεσθαι
1419 1308 1486 1349 αὐ-

157 1378 252 1422 τοῖς,
281 1375 342 1415 καὶ
366 1373 748 1426 μεσεγγυησαμένης
775 1374 972 1426 ἀργύριον,
1002 1375 1066 1415 ἐπὶ
1092 1375 1243 1416 τούτοις
1263 1375 1400 1415 δίδωσι
1418 1374 1488 1415 τὸν

159 1443 287 1493 ὅρκον.
357 1441 380 1491 ἡ
418 1443 460 1481 δὲ
498 1439 703 1491 δεξαμένη,
746 1441 791 1481 οὐ
829 1441 951 1491 μόνον
991 1445 1141 1488 τοῦτον,
1175 1443 1280 1482 ἀλλὰ
1320 1442 1381 1481 καὶ
1419 1441 1488 1482 τὸν
1519 1453 1542 1486 4

99 1528 139 1550 20
159 1507 337 1560 ἀδελφὸν
362 1507 430 1548 τὸν
457 1508 590 1560 ἕτερον
615 1510 712 1560 πρὸς
736 1508 860 1562 τούτῳ
897 1508 1145 1559 κατωμόσατ’
1171 1509 1213 1548 ἐκ
1243 1512 1309 1549 τοῦ
1341 1508 1488 1561 πατρὸς

160 1574 260 1615 εἶναι
292 1578 360 1615 τοῦ
398 1576 503 1625 ἐμοῦ.
576 1574 627 1616 ὡς
664 1577 704 1615 δὲ
742 1574 844 1615 τοῦτ’
872 1575 1075 1625 ἐποίησεν,
1103 1574 1279 1627 εἰσάγειν
1309 1577 1363 1617 εἷς
1397 1575 1488 1619 τοὺς

161 1641 357 1694 φράτερας
387 1640 433 1692 ἦν
467 1640 616 1693 ἀνάγκη
642 1642 803 1684 τούτους
835 1642 897 1682 καὶ
929 1643 1050 1694 λόγος
1080 1643 1206 1683 οὐδεὶς
1237 1642 1484 1684 ὑπελείπετο.

161 1707 389 1761 εἰσήγαγεν,
428 1707 658 1759 ἐποιήσατο,
700 1710 765 1749 ἵνα
801 1710 874 1749 τάν
911 1708 1022 1763 μέσῳ
1063 1708 1256 1760 συντέμω,
1294 1709 1489 1762 ἐγγράφει

159 1780 241 1817 τοῖς
271 1775 544 1828 Ἀπατουρίοις
574 1776 728 1817 τουτονὶ
761 1779 834 1827 μὲν
872 1776 1046 1816 Βοιωτὸν
1078 1778 1133 1818 εἰς
1161 1776 1252 1818 τοὺς
1276 1776 1485 1829 φράτερας,

102 1864 140 1896 25
160 1846 227 1883 τὸν
257 1842 289 1883 δ’
317 1844 450 1895 ἕτερον
476 1843 709 1896 Πάμφιλον·
748 1845 974 1886 Μαντίθεος
1012 1843 1046 1884 δ’
1073 1842 1370 1896 ἐνεγεγράμμην
1395 1844 1486 1896 ἐγώ.

162 1909 377 1961 συμβάσης
402 1913 443 1951 δὲ
467 1915 519 1966 τῷ
546 1911 662 1962 πατρὶ
687 1913 755 1961 τῆς
779 1914 964 1962 τελευτῆς
998 1911 1089 1963 πρὶν
1123 1911 1192 1952 τᾶς
1222 1911 1277 1951 εἰς
1305 1910 1396 1952 τοὺς
1421 1914 1486 1960 δη-
1521 1904 1537 1940 5

161 1978 282 2028 μότας
318 1979 522 2030 ἐγγραφὰς
556 1977 755 2030 γενέσθαι,
789 1979 916 2019 ἐλθὼν
947 1979 1001 2020 εἷς
1035 1977 1124 2020 τοὺς
1153 1977 1325 2028 δημότας
1353 1978 1488 2017 οὑτοσὶ
1521 1951 1647 2007 [996]

162 2044 249 2085 ἀντὶ
276 2048 446 2085 Βοιωτοῦ
473 2046 699 2085 Μαντίθεον
734 2044 954 2098 ἐνέγραψεν
989 2047 1139 2086 ἑαυτόν.
1210 2047 1324 2084 τοῦτο
1354 2043 1386 2084 δ’
1412 2045 1490 2084 ὅσα

209 2165 222 2185 1
251 2155 304 2196 ἐμὲ
323 2155 347 2187 S
363 2167 370 2186 τ
393 2169 432 2195 με
448 2155 539 2194 vulg.
671 2155 693 2185 6
717 2153 808 2187 οὗτος
827 2155 913 2185 SA:
939 2156 1033 2188 αὐτὸς
1049 2155 1138 2194 vulg.
1286 2166 1326 2187 10
1348 2157 1407 2194 τῆς
1424 2167 1488 2187 orn.

162 2199 194 2230 A
330 2209 368 2229 12
394 2200 413 2237 ἡ
430 2208 494 2229 om.
518 2197 583 2236 FQ
736 2208 774 2236 13
799 2198 1005 2240 δικαστήριον
1022 2198 1066 2229 S:
1091 2200 1130 2230 τὸ
1147 2202 1206 2231 δικ.
1226 2199 1315 2238 vulg.
1430 2199 1487 2240 οῖ’]

163 2242 228 2274 οἷον
242 2244 323 2274 εἰκὸς
335 2242 365 2272 Α
379 2242 402 2273 S
415 2256 464 2283 γρ.
481 2242 566 2282 Ργρ.
580 2240 610 2279 Q
620 2254 671 2283 γρ.
765 2251 802 2280 14
822 2243 956 2274 ἐνταῦθα
974 2242 1072 2272 Blass
1164 2252 1202 2282 15
1219 2243 1336 2275 τούτου
1355 2242 1378 2274 S
1391 2256 1441 2284 Ὑρ.
1457 2243 1488 2273 Α

167 2287 206 2316 16
229 2286 392 2325 ὀμοσάσης
411 2285 434 2316 S
447 2298 497 2326 γρ.
516 2285 624 2323 vulg.:
651 2285 897 2325 ἐξαπατησάσης
916 2285 940 2316 S
1054 2295 1091 2323 17
1116 2287 1159 2325 μὴ
1176 2296 1239 2317 orn.
1259 2286 1283 2317 S
1381 2286 1486 2327 οὐδὲν]

162 2329 262 2368 μηδὲν
281 2329 305 2359 F
318 2329 348 2367 Q
455 2330 502 2360 ἔτι
521 2338 583 2358 om.
603 2328 634 2358 A
647 2328 676 2357 D
823 2338 866 2358 22
890 2328 1048 2370 φράτερας
1067 2328 1126 2359 ΡῙε
1151 2329 1309 2370 φράτορας
1325 2331 1414 2368 vulg.
1434 2330 1489 2361 hic

164 2376 198 2402 et
214 2372 300 2402 infra
404 2382 444 2410 23
468 2373 528 2403 τάν
543 2371 631 2411 μέσῳ
648 2371 679 2401 Α
696 2382 703 2401 z
726 2372 791 2410 τᾶμ
806 2371 893 2411 μέσῳ
910 2372 1014 2410 vulg.‚
1032 2371 1070 2402 cf.
1090 2372 1235 2403 Cronert
1252 2373 1350 2405 Mem.
1366 2373 1484 2406 Graec.

166 2415 267 2446 Herc.
288 2425 342 2455 pp.
361 2417 447 2453 62-3
581 2417 622 2445 26
646 2418 704 2453 τῆς
721 2426 784 2445 om.
807 2415 871 2445 SA
885 2415 924 2446 al.
1061 2426 1099 2454 27
1126 2415 1217 2448 οὗτος
1235 2427 1250 2446 r
