1685 2772
39 119 161 175 [906]
598 122 1132 178 [AHMOEOENOTE]
1379 122 1526 177 [xxxw

142 247 163 281 4
195 231 434 281 δικαστήριον
453 231 496 268 τὸ
516 233 672 282 πρᾶγμα
699 231 888 279 πέπομφε
948 229 1007 266 καὶ
1027 230 1046 266 ὁ
1067 230 1166 280 ἀγὼν
1189 229 1341 278 ὀνόματι
1358 229 1428 297 μέν
1448 232 1530 267 ε’στι

194 285 489 338 παραγραφικός,
510 288 560 336 τῷ
588 284 618 322 δ’
643 284 779 334 ἀληθεῖ
798 284 866 333 τὴν
887 283 1029 322 ευθεῖαν
1054 284 1230 352 γίγνεται·
1263 301 1301 322 ευ
1326 285 1399 335 γὰρ
1426 284 1485 321 καὶ
1510 285 1530 321 ὁ

194 342 314 391 ῥήτωρ
336 339 413 378 κατ’
434 341 551 390 ἀρχὰς
572 339 866 388 ἐπισημαίνεται,
890 340 936 378 ὡς
963 340 1027 376 οῦκ
1053 340 1155 376 ἔστιν
1180 338 1274 378 ὅλως
1299 338 1531 389 παραγραφη

195 397 237 434 τὸ
265 399 389 447 λέγειν
412 395 651 442 πεποιηκέναι
675 395 797 431 πάντα
825 394 917 431 κατὰ
944 394 989 431 τὰ
1009 393 1243 445 συγκείμενα,
1265 392 1532 430 ἀποδεδωκεναι

194 451 241 488 τὰ
277 451 452 500 χρήματα
490 449 668 498 Λάμπιδι,
705 449 932 496 κελευούσης
970 449 1078 485 τοῦτο
1111 449 1176 496 τῆς
1214 449 1438 499 συγγραφῆς
1472 447 1532 484 καὶ
1551 460 1568 491 5

196 505 371 553 ἀφιείσης
405 505 464 541 ἐπὶ
491 504 643 554 τοιούτῳ
678 503 788 541 πάθει
822 503 865 540 τὸ
898 503 1071 552 ὄφλημα·
1110 503 1225 540 ταῦτα
1254 505 1324 553 γάρ
1352 504 1433 539 ἐστι
1464 501 1532 549 τὴν

197 559 401 597 εὐθυδικίαν
440 558 710 610 ἀγωνιζομένου
753 557 812 595 καὶ
855 559 931 596 τοῖς
975 557 1254 606 ἐπιφερομένοις
1298 556 1532 608 ἐγκλήμασιν

197 616 440 657 ἀπαντωντος,
472 614 562 650 ἀλλ’
591 613 676 663 οὐχὶ
705 614 940 662 ἀναιροῦντος
968 611 1033 649 τὸν
1060 612 1144 660 περὶ
1173 613 1289 649 αὐτῶν
1319 613 1441 662 ἆγῶνα
1472 610 1532 647 καὶ

196 668 264 717 τὴν
285 668 494 719 εἰσαγωγὴν
513 668 578 715 τῆς
598 666 710 715 δίκης·
742 665 997 717 παραγραφὴν
1017 665 1067 709 δέ,
1089 666 1249 714 φησιν,
1235 683 1254 703 ο
1274 665 1385 714 νόμος
1405 664 1532 703 διδωσι

196 740 279 826 gepa
308 725 379 760 τῶν
407 722 459 772 μὴ
488 722 693 773 γενομένων
722 721 817 760 ὅλως
846 720 1030 769 Αθήνησι
1057 718 1144 769 μηδ’
1173 722 1221 759 εἷς
1251 720 1409 769 Ἀθήνας
1435 736 1531 769 συμ-
1555 731 1593 754 10

230 778 375 815 ολαιων.

152 847 167 882 5
253 832 455 880 Τετήρηται
490 829 519 868 δ’
554 833 590 868 ἐν
623 833 672 881 τῷ
707 829 809 881 λόγῳ
842 829 977 867 ταὶτὸν
1012 829 1102 879 ὅπερ
1138 829 1197 866 καὶ
1228 829 1311 878 περὶ
1343 828 1407 866 τὸν
1441 829 1533 865 κατὰ

200 886 373 954 Νεαιρας,
403 885 459 923 ὅτι
493 902 545 934 μη
574 884 638 933 ὑφ
668 884 746 924 ἐνὸς
777 884 916 932 εἴρηται
944 884 1160 933 προσώπου.
1218 881 1305 920 ἆλλ
1333 881 1426 933 (ἐκεῖ
1450 880 1535 932 μὲν)

202 940 372 989 ἑκατέρου
407 939 589 988 διαστολὴ
621 939 776 988 φανερά,
810 938 967 977 ἐνταῦθα
1006 937 1044 975 δὲ
1078 938 1316 989 συγκέχυται.
1375 937 1474 974 δοκεῖ
1505 935 1535 973 δ’

202 996 308 1046 ἔμοιγ
309 994 530 1033 ἐντευθεν“
515 1012 534 1031 ο
554 993 721 1043 δεύτερος
739 994 895 1044 λέγεινι
909 993 1072 1032 ἀκούσας
1092 993 1214 1030 τοίνυν
1233 993 1347 1041 ἡμῶν,
1362 1009 1388 1028 ω
1409 991 1535 1040 ἅνδρες
1556 1004 1593 1036 15

201 1049 402 1098 Ἀθηναῖοι,
431 1048 610 1088 Θεόδοτος
638 1048 823 1088 πολλάκις
857 1048 917 1085 καὶ
947 1064 1104 1097 νομισας
1136 1048 1201 1084 τὸν
1234 1047 1387 1096 Λάμπιν
1419 1045 1534 1095 ψευδῆ

201 1103 417 1154 μαρτυρεῖν’
420 1133 428 1141 .
501 1103 615 1152 δῆλον
654 1102 684 1140 δ’
723 1102 778 1140 ὅτι
818 1118 982 1141 κοινωνοι
1020 1102 1114 1141 τινές
1154 1103 1248 1139 εἰσιν
1281 1103 1316 1139 οἶ
1349 1101 1439 1150 πρὸς
1471 1100 1536 1138 τὸν

201 1157 382 1209 Φορμίων’
402 1158 676 1210 ἀγωνιζόμενοι.

50 1274 171 1332 [907]
271 1270 416 1310 Δίκαια
434 1270 541 1320 ὑμῶν
561 1268 799 1319 δεησόμεθα,
823 1266 852 1308 ὦ
870 1267 1008 1319 ἄνδρες
1025 1268 1220 1313 δικασταί,
1242 1267 1409 1307 ἀκοῦσαι
1426 1265 1537 1317 ἡμῶν

202 1335 285 1387 μετ’
307 1336 458 1377 εὐνοίας
484 1337 526 1376 ἐν
550 1339 602 1390 τῷ
623 1335 733 1388 μέρει
747 1336 964 1387 λεγόντων,
986 1335 1155 1387 γνόντας
1175 1335 1235 1374 ὅτι
1261 1335 1410 1374 ἰδιῶται
1435 1350 1534 1373 παν-
1558 1344 1597 1366 20

203 1407 326 1445 τελῶς
358 1403 492 1453 ἐσμέν,
521 1403 583 1443 καὶ
619 1402 747 1444 πολὺν
782 1402 930 1456 χρόνον
965 1403 1020 1443 εἰς
1052 1405 1097 1441 τό
1130 1401 1318 1453 ὑμέτερον
1348 1400 1535 1452 ἐμπόριον

205 1470 553 1523 εἰσαφικνούμενοι
570 1471 633 1510 καὶ
653 1470 887 1520 συμβόλαια
911 1472 1082 1510 πολλοῖς
1099 1467 1407 1520 συμβάλλοντες
1425 1467 1533 1508 οὐδε-

204 1538 297 1588 μίαν
323 1537 482 1577 πώποτε
507 1538 618 1587 δίκην
643 1540 740 1589 πρὸς
764 1538 861 1587 ὑμᾶς
889 1535 1144 1587 εἰσήλθομεν,
1171 1535 1250 1576 οὔτ’
1276 1537 1535 1587 ἐγκαλοῦντες

153 1625 173 1649 2
206 1603 284 1644 οὔτ’
305 1604 590 1656 ἐγκαλούμενοι
614 1604 681 1655 ὑφ’
715 1603 872 1656 ἑτέρων.
930 1602 1011 1643 οὐδ’
1037 1603 1084 1643 ἂν
1120 1607 1202 1649 νῦν,
1230 1604 1404 1655 ἀκριβῶς
1432 1603 1533 1647 ἵστε,

206 1669 235 1710 ὦ
261 1670 399 1723 ἄνδρες
419 1671 636 1720 Ἀθηναῖοι,
665 1672 698 1711 εἰ
725 1670 1065 1722 ὑπελαμβάνομεν
1086 1669 1340 1710 ἀπολωλέναι
1364 1671 1412 1709 τὰ
1437 1666 1534 1722 χρή-
1559 1685 1596 1717 25

205 1754 309 1789 ματα
327 1737 390 1778 ἐπὶ
405 1739 474 1787 τῆς
491 1738 585 1778 νεὼς
602 1740 670 1788 τῆς
687 1739 986 1791 διαφθαρείσης,
1006 1739 1030 1778 ἃ
1046 1739 1305 1790 ἐδανείσαμεν
1321 1737 1535 1789 Φορμίωνι,

207 1805 275 1845 οὐκ
308 1804 354 1845 ἄν
385 1804 472 1845 ποτ’
502 1804 701 1858 ἐλάχομεν
737 1805 809 1856 τὴν
845 1807 955 1857 δίκην
993 1806 1110 1860 αὐτῷ·
1162 1805 1235 1859 οὐχ
1271 1806 1394 1846 οὕτως
1426 1804 1538 1854 ἡμεῖς

210 1873 473 1926 ἀναίσχυντοί
495 1874 618 1924 ἐσμεν
638 1873 717 1913 οὐδ’
742 1873 897 1926 ἄπειροι
922 1877 990 1913 τοῦ
1018 1874 1262 1924 ζημιοῦσθαι.
1323 1874 1488 1912 πολλῶν
1504 1868 1537 1909 δ’

209 1939 310 1989 ἡμᾶς
346 1940 595 1989 κακιζόντων,
628 1941 690 1980 καὶ
719 1940 898 1992 μάλιστα
930 1945 1009 1981 τῶν
1046 1941 1087 1980 ἐν
1122 1940 1316 1994 Βοσπόρῳ
1347 1940 1534 1988 ἐπιδημη-

211 2005 367 2046 σάντων
391 2005 472 2057 ἃμα
508 2008 721 2059 Φορμίωνι,
757 2009 868 2061 οἵπερ
894 2011 1031 2048 τοῦτον
1054 2006 1201 2063 ᾔδεσαν
1234 2007 1277 2046 οὐ
1313 2003 1535 2046 συναπολέ-
1558 2024 1599 2055 30

255 2126 274 2145 2
298 2116 360 2154 τὴν
379 2116 531 2147 Bekker:
558 2130 641 2158 παρα
658 2119 716 2156 την
735 2118 820 2148 codd
1025 2126 1044 2154 3
1069 2118 1151 2148 ὅλως
1167 2116 1322 2147 Bekker:
1347 2116 1424 2147 ὅλον
1442 2114 1537 2144 codd.

212 2169 231 2197 4
257 2159 488 2191 ἀποδεδωκέναι
502 2159 662 2191 Voemel:
686 2162 736 2193 καὶ
752 2162 921 2193 ἀποδοῦναι
936 2160 1090 2190 Bekker:
1118 2160 1298 2191 ἀποδιδόναι
1312 2158 1408 2189 codd.
1423 2157 1540 2197 (Blass

212 2205 309 2234 τοῦτο
326 2203 469 2234 secluso.
519 2204 578 2234 sed
599 2204 639 2235 cf.
661 2206 676 2241 ξ
699 2214 712 2233 1
737 2205 855 2243 supra)
1010 2205 1031 2233 6
1055 2204 1202 2242 ἀφιείσης
1220 2203 1337 2233 Wolf.
1363 2200 1538 2242 ἀφικούσης

213 2247 311 2277 codd.
439 2248 459 2276 8
483 2260 538 2278 ουκ
555 2247 679 2277 Aldina
805 2258 843 2277 10
865 2247 1047 2287 ’γενομένων
1065 2246 1221 2277 Bekker:
1246 2244 1423 2286 γινομένων
1439 2244 1539 2275 codd.

218 2299 254 2319 12
287 2290 343 2321 τὸν
373 2290 486 2321 Wolf:
525 2294 590 2322 τῶν
619 2291 715 2321 codd.
854 2301 891 2329 13
918 2291 1008 2332 (ἐκεῖ
1029 2289 1108 2330 μὲν)
1137 2291 1211 2321 add.
1243 2289 1349 2327 Wolf,
1381 2288 1419 2320 cf.
1452 2287 1536 2325 Arg.

215 2332 298 2363 lsae.
318 2333 338 2363 ii
523 2344 561 2363 21
590 2334 756 2374 ἐμπόρειον
775 2335 798 2364 S
816 2334 868 2364 hic
885 2339 918 2364 et
932 2333 1019 2364 infra
1200 2344 1241 2363 22
1266 2331 1491 2372 συμβαλόντες
1507 2330 1539 2360 Α

212 2385 252 2413 23
277 2378 417 2415 ἤλθομεν
435 2376 458 2406 S
614 2378 656 2407 26
680 2378 904 2416 δεδανείκαμεν
921 2378 949 2406 Α
1106 2387 1144 2415 27
1170 2379 1250 2408 ουτω
1269 2375 1293 2406 S
1439 2385 1482 2415 29
1506 2377 1540 2406 ἐν

213 2420 365 2461 Βοσπόρῳ
382 2420 422 2459 Α,
443 2419 486 2451 cf.
507 2423 522 2457 ξ
542 2430 582 2458 34
598 2431 604 2450 :
630 2420 775 2461 ἐμπόρων
795 2421 819 2452 S
834 2420 864 2450 D
879 2432 885 2451 :
911 2420 1054 2463 ἐμπόρων
1070 2423 1135 2453 τῶν
1152 2420 1240 2458 vulg.
