1685 2772
143 101 243 156 xxx]
518 104 677 142 ΠΡΟΣ
726 104 1028 142 ONHTOPA
1076 103 1111 140 A
1507 91 1618 146 [873]

142 214 326 256 ἁπάντων
356 213 634 268 γεγενημένον,
663 215 725 254 καὶ
755 217 1017 255 συνοικοῦσαν
1047 209 1176 267 [αὐτῷ]
1207 212 1278 263 τὴν
1308 216 1473 265 γυναῖκα
1504 211 1622 267 [874]

143 286 285 335 σαφῶς
323 280 600 333 ἐπιστάμενος,
642 285 746 333 τρεῖς
785 281 1021 333 θεραπαίνας
1064 278 1225 335 ἐξῄτησ’
1263 279 1394 327 αὐτόν,
1432 280 1472 320 αἲ

143 348 408 390 συνοικοῦσάν
445 365 487 389 τε
525 348 597 398 τὴν
633 347 784 400 γυναῖκ’
820 346 971 403 ᾔδεσαν
1015 347 1076 387 καὶ
1114 348 1162 386 τὰ
1204 346 1375 400 χρήμαθ’
1413 347 1474 387 ὅτι

141 418 247 469 παρὰ
282 416 433 458 τούτοις
469 414 528 465 ἦν,
567 416 629 455 ἵνα
664 415 716 466 μὴ
749 415 867 467 λόγοι
896 415 1032 465 μόνον,
1061 414 1168 454 ἀλλὰ
1202 414 1263 454 καὶ
1295 413 1473 465 βάσανοι

105 497 122 528 5
141 484 230 535 περὶ
256 483 384 523 αὐτῶν
401 483 615 535 γίγνοιντο.
667 481 779 524 οὗτος
798 481 831 521 δ’
852 483 947 532 ἐμοῦ
964 480 1318 533 προκαλεσαμένου
1335 484 1470 527 ταῦτα,
1504 488 1550 533 36

143 551 205 590 καὶ
231 549 390 590 πάντων
414 553 492 589 τῶν
517 549 723 601 παρόντων
749 549 878 589 δίκαια
905 547 1042 600 λέγειν
1070 547 1110 599 μ’
1140 547 1471 600 ἀποφηναμένων,

143 617 211 657 οὐκ
239 616 438 667 ἠθέλησεν
469 617 524 657 εἷς
557 619 670 656 τοῦτο
699 616 886 667 τάκριβὲς
920 618 1175 667 καταφυγεῖν,
1211 614 1303 654 ἀλλ’
1338 615 1474 668 ὥσπερ

143 683 286 735 ἑτέρων
311 687 430 724 τινῶν
448 685 574 724 ὄντων
593 683 681 734 περὶ
700 686 778 722 τῶν
798 682 987 722 τοιούτων
1007 681 1271 734 σαφεστέρων
1291 681 1473 735 ἐλέγχων

141 747 166 801 ἢ
189 750 384 801 βασάνων
410 751 472 790 καὶ
499 753 731 802 μαρτυριῶν,
760 749 849 789 οὔτε
877 750 1074 800 μάρτυρας
1106 750 1376 802 παρεχόμενος
1401 747 1474 799 τὴν

85 831 123 854 10
141 817 276 872 προῖχ’
296 817 348 859 ὡς
367 816 580 863 ἀπέδωκεν,
599 817 677 856 οὔτ’
693 818 747 857 εἷς
765 815 950 866 βάσανον
969 815 1144 856 ἐκδιδοὺς
1163 817 1231 857 τὰς
1251 815 1472 857 συνειδυίας

141 884 230 937 περὶ
254 887 323 924 τοῦ
345 884 398 935 μὴ
424 888 620 924 συνοικεῖν
646 883 716 934 τὴν
741 881 935 935 ἀδελφήν,
963 884 1024 922 ὅτι
1047 881 1153 922 ταῦτ’
1178 881 1323 932 ἠξίουν,
1357 883 1470 933 ὑβρι-

143 955 287 992 στικῶς
324 950 426 991 πάνυ
463 951 526 991 καὶ
562 953 934 1003 προπηλακιστικῶς
975 949 1043 989 οὐκ
1083 951 1141 989 εἴα
1175 948 1215 999 μ’
1254 950 1355 1003 αὐτῷ
1389 951 1471 988 δια-

142 1017 346 1070 λέγεσθαι.
416 1018 556 1058 τούτου
580 1017 725 1070 γένοιτ’
751 1017 798 1057 ἄν
835 1033 892 1057 τις
929 1016 1218 1068 σχετλιώτερος
1253 1015 1471 1067 ἄνθρωπος,

140 1081 164 1134 ἦ
189 1087 346 1135 μᾶλλον
378 1085 477 1125 ἑκὼν
509 1086 556 1124 τὰ
590 1083 704 1124 δίκαι’
736 1085 896 1135 ἀγνοεῖν
921 1083 1279 1135 προσποιούμενος;
1310 1084 1416 1133 λαβὲ
1440 1081 1474 1121 δ’

83 1163 120 1194 15
142 1151 264 1202 αὐτὴν
286 1151 358 1202 τὴν
382 1153 606 1203 πρόκλησιν
631 1151 692 1191 καὶ
717 1150 928 1203 ἀνάγνωθι.

687 1350 929 1379 ΠΡΟΚΛΗΣΙΣ.

208 1431 342 1483 Ὕμεῖς
367 1433 496 1472 τοίνυν
522 1432 585 1472 καὶ
605 1432 682 1485 ἰδίᾳ
702 1432 764 1472 καὶ
784 1431 956 1484 δημοσίᾳ
974 1430 1159 1481 βάσανον
1177 1429 1473 1483 ἀκριβεστάτην
1505 1443 1548 1479 37

142 1503 284 1539 πασῶν
302 1496 513 1550 (πίστεων)
531 1499 720 1550 νομίζετε,
744 1498 806 1537 καὶ
830 1499 929 1538 ὅπου
952 1496 1000 1537 ἂν
1024 1500 1159 1537 δοῦλοι
1184 1498 1248 1537 καὶ
1272 1497 1475 1549 ἐλεύθεροι

143 1566 455 1618 παραγένωνται,
473 1566 540 1622 δέῃ
560 1565 593 1606 δ’
614 1566 819 1617 εὑρεθῆναι
831 1564 875 1605 τὸ
893 1564 1140 1615 ζητούμενον,
1160 1565 1204 1604 οὐ
1219 1566 1373 1617 χρῆσθε
1387 1568 1474 1606 ταῖς

85 1653 124 1674 20
142 1636 221 1673 τῶν
246 1632 463 1685 ἐλευθέρων
480 1633 720 1685 μαρτυρίαις,
743 1633 849 1672 ἀλλὰ
873 1632 963 1673 τοὺς
987 1632 1150 1673 δούλους
1169 1631 1470 1682 βασανίζοντες,

143 1700 244 1739 οὕτω
263 1700 410 1750 ζητεῖτε
425 1700 496 1750 τὴν
511 1699 699 1750 ἀλήθειαν
716 1700 851 1751 εὑρεῖν.
895 1695 1107 1744 εἰκότως,ἷῧ
1123 1698 1259 1750 ἄνδρες
1273 1698 1471 1738 δικασταί·

142 1769 222 1806 τῶν
239 1769 312 1817 μὲν
330 1769 405 1819 γὰρ
424 1766 760 1819 μαρτυρησάντων
778 1766 849 1817 ἤδη
870 1768 972 1807 τινὲς
991 1765 1035 1806 οὐ
1054 1765 1206 1816 τάληθῆ
1225 1766 1472 1817 μαρτυρῆσαι

144 1832 297 1883 ἔδοξαν·
335 1838 412 1874 τῶν
437 1836 479 1874 δὲ
503 1833 838 1885 βασανισθέντων
862 1832 1018 1874 οὐδένες
1051 1831 1199 1872 πώποτ’
1225 1829 1470 1884 ἐξηλέγχθη-

190 1954 204 1974 1
231 1946 316 1985 αὐτῷ
348 1944 427 1976 secl.
462 1944 561 1975 Blass
591 1949 627 1974 ut
660 1944 759 1974 nimis
784 1943 973 1982 ambiguum
1119 1951 1138 1980 5
1163 1942 1233 1981 περὶ
1265 1942 1370 1972 αὐτῶν
1395 1945 1472 1981 post

143 1988 310 2029 γίγνοιντο
327 1987 352 2018 F
366 1988 396 2018 D
507 1987 655 2028 γένοιντο
670 1988 701 2018 Α
811 1987 848 2018 δέ
862 2001 920 2023 μου
939 1986 962 2017 S
975 1986 1004 2016 D
1174 1986 1195 2014 6
1219 1983 1472 2024 ἀποφηναμένων

144 2031 168 2061 S
187 2043 194 2062 ε
218 2031 479 2072 ἀποφαινομένων
494 2031 585 2071 vulg.
721 2036 798 2071 post
815 2032 910 2070 ἀποφ.
937 2030 1013 2060 add.
1039 2030 1082 2060 εἷς
1105 2030 1203 2059 τοῦτο
1221 2027 1245 2057 S
1262 2028 1321 2057 sed
1339 2028 1472 2067 punctis

144 2080 296 2106 notatum
442 2086 463 2114 9
486 2076 506 2113 ἢ
523 2086 586 2106 orn.
606 2072 644 2105 S¹
754 2076 934 2117 μαρτυριῶν
951 2073 974 2104 S
994 2084 1000 2103 :
1023 2071 1190 2113 μαρτύρων
1205 2070 1293 2109 vulg.
1432 2081 1472 2101 10

145 2118 308 2150 ἀπέδωκεν
326 2118 350 2149 S
365 2129 373 2149 τ
398 2118 600 2151 ἀποδέδωκεν
614 2118 703 2157 vulg.
940 2117 1085 2154 βάσανον
1102 2115 1126 2146 S
1139 2114 1171 2144 A
1186 2126 1193 2144 τ
1218 2114 1378 2151 βασάνους
1403 2114 1428 2144 F
1440 2113 1471 2144 D

148 2172 183 2192 11
202 2163 245 2202 μὴ
258 2172 323 2193 om.
339 2162 363 2192 F
376 2162 407 2192 D
500 2173 537 2200 14
557 2163 583 2194 δ’
597 2161 790 2200 αὐτὴνΞΑε
814 2161 938 2199 ταύτην
949 2160 1012 2190 FD
1107 2168 1144 2197 15
1162 2158 1318 2198 ἀνάγνωθι
1333 2157 1374 2187 S:
1398 2158 1470 2189 ἀνα-

142 2207 308 2246 γίγνωσκε
324 2205 410 2244 vulg.
532 2209 546 2243 ξ
566 2215 617 2254 373
637 2205 678 2236 cf.
698 2204 781 2236 Isae.
801 2205 856 2235 viii
878 2215 916 2234 12
1088 2213 1124 2241 17
1150 2204 1237 2242 ὑμεῖς
1253 2199 1354 2242 <μὲν>
1373 2200 1470 2230 Blass

144 2259 188 2279 ex
205 2248 312 2288 Isaeo,
330 2249 391 2279 sed
404 2249 444 2280 cf.
461 2249 638 2279 Andoc.1v
649 2258 702 2288 35,
717 2248 795 2288 Lyc.
810 2251 826 2286 ξ
841 2249 902 2287 146
993 2248 1031 2277 18
1048 2243 1231 2288 (πίστεων)
1241 2245 1318 2276 add.
1334 2243 1470 2274 Dobree

144 2293 221 2324 ὅπου
245 2293 284 2324 ἂν
308 2292 400 2323 SA:
435 2292 557 2324 ὁπόταν
585 2292 611 2322 F
636 2291 752 2322 Isaeus
779 2292 849 2332 (vix
875 2290 1192 2330 Demosthenicum)
1324 2296 1362 2317 21
1393 2293 1469 2326 post

144 2337 246 2377 εὑρεῖν
262 2336 339 2367 add.
356 2339 422 2367 τῶν
445 2335 676 2377 πεπραγμένων
694 2335 720 2365 F
735 2334 765 2365 D
784 2337 864 2375 (τῶν
884 2335 1112 2377 γεγενημένων
1136 2332 1268 2373 Isaeus)
1287 2342 1294 2361 t
1317 2340 1381 2361 om.
1400 2331 1424 2361 S
1437 2330 1469 2360 A

143 2389 184 2418 23
208 2382 274 2411 τῶν
291 2379 315 2410 S
335 2379 473 2410 Isaeus:
498 2379 620 2411 δούλων
635 2379 724 2418 vulg.
744 2379 768 2409 S
784 2392 836 2421 γρ.
