1685 2772
176 539 193 570 5

157 944 197 967 10

156 1277 193 1309 Ι5

155 1610 195 1632 20

214 141 280 197 XL]
354 147 497 184 ΠΡΟΣ
524 146 774 184 ΒΟΙΩΤΟΝ
806 146 936 183 ΠΕΡΙ
965 145 1206 183 ΠΡΟΙΚΟΣ
1232 146 1523 182 ΜΗΤΡΩΙΑΣ

213 260 292 296 τῶν
311 257 441 306 αὑτῆς,
462 255 600 307 ὥσπερ
617 256 654 296 οἱ
679 255 793 305 νόμοι
819 255 1062 300 κελεύουσιν,
1085 251 1313 309 συνῴκησεν
1332 257 1385 307 τῷ
1410 255 1541 305 πατρί,

216 324 278 362 καὶ
304 321 350 363 ὃν
373 322 521 374 τρόπον
552 322 633 374 ἐγὼ
655 322 816 364 τούτους
844 320 1103 371 εἰσεδεξάμην
1138 322 1193 362 εἷς
1221 320 1293 370 τὴν
1323 321 1449 360 οἰκίαν
1477 324 1545 359 τοῦ

216 388 359 441 πατρὸς
379 387 704 438 τελευτήσαντος,
728 389 790 428 καὶ
816 389 875 428 ὅτι
895 387 1104 440 ἀπέφυγον
1123 387 1265 429 αὐτοὺς
1279 388 1350 428 τὰς
1369 388 1477 428 δίκας
1498 387 1543 428 ἅς

214 473 282 507 μοι
305 455 533 502 ἐνεκάλουν,
560 459 683 495 ταῦτα
707 457 782 506 μὲν
803 455 936 496 πάντα
963 455 1024 495 καὶ
1049 454 1341 506 μεμαρτύρηται
1365 454 1455 504 ὑμῖν
1482 454 1543 494 καὶ

214 522 484 563 ἐπιδέδεικται.
558 523 615 563 ἴθι
642 521 689 574 δὴ
718 524 827 573 λαβὲ
851 523 912 562 καὶ
938 521 1007 562 τὸν
1031 522 1120 572 περὶ
1145 524 1214 572 τῆς
1239 519 1399 573 προικὸς
1424 522 1544 572 νόμον

211 590 381 630 τουτονί.

798 707 954 736 ΝΟΜΟΣ.

281 788 396 828 Οὕτω
416 788 546 828 τοίνυν
565 791 633 827 τοῦ
653 788 774 838 νόμου
800 788 975 840 ἔχοντος,
1004 788 1114 837 οἶμαι
1137 788 1293 827 τουτονὶ
1320 786 1494 827 Βοιωτὸν
1519 784 1542 836 ἢ

217 856 442 896 Μαντίθεον
458 851 480 904 ἦ
498 856 519 893 ὅ
534 871 571 894 τι
587 854 671 894 ποτ’
688 854 790 894 ἄλλο
806 855 938 908 χαίρει
955 854 1362 906 προσαγορευόμενος,
1390 855 1542 894 δικαίαν

214 924 286 973 μὲν
315 922 536 973 ἀπολογίαν
563 921 624 961 καὶ
649 920 842 971 ἀληθινὴν
871 921 1055 972 οὐδεμίαν
1085 919 1189 971 ἕξειν
1220 921 1355 966 εἰπεῖν,
1390 922 1540 974 ἐπιχει-

214 987 354 1041 ρήσειν
385 989 428 1028 δὲ
452 988 499 1044 τῇ
520 987 648 1044 τόλμῃ
675 987 736 1028 καὶ
761 988 807 1044 τῇ
833 989 1051 1040 θρασύτητι
1075 994 1123 1044 τῇ
1150 990 1287 1028 ἑαυτοῦ
1306 987 1542 1027 πιστεύοντα

215 1053 464 1106 περιιστάναι
480 1056 550 1096 τὰς
570 1055 695 1094 αὐτῶν
713 1056 922 1107 συμφορᾶς
942 1056 997 1096 εἷς
1015 1054 1096 1106 ἐμέ,
1119 1053 1218 1107 ἅπερ
1239 1055 1302 1095 καὶ
1323 1055 1401 1109 ἰδίᾳ
1415 1057 1542 1095 ποιεῖν

215 1123 364 1168 εἴωθεν,
382 1121 514 1173 λέγων
534 1121 585 1163 ὡς
604 1123 862 1172 δημευθείσης
881 1125 950 1172 τῆς
970 1118 1068 1174 [τοῦ]
1089 1122 1312 1174 Παμφίλου
1331 1121 1482 1171 οὐσίας,
1501 1121 1543 1164 ὃς

215 1187 262 1239 ἧν
282 1188 409 1240 πατὴρ
434 1190 502 1238 τῆς
528 1189 779 1240 Πλαγγόνος,
802 1190 851 1228 τὰ
871 1189 1160 1241 περιγενόμενα
1180 1187 1363 1242 χρήματα
1379 1190 1398 1228 ὁ
1415 1188 1542 1241 πατὴρ

215 1256 237 1296 ὁ
261 1255 353 1306 ἐμὸς
377 1255 527 1306 ἔλαβεν
553 1257 595 1295 ἐκ
628 1259 696 1294 τοῦ
728 1256 1028 1308 βουλευτηρίου,
1060 1257 1122 1296 καὶ
1153 1257 1275 1297 οὕτως
1304 1256 1542 1308 ἀποφαίνειν

214 1323 453 1375 πειρώμενος
467 1321 539 1372 τὴν
553 1324 625 1373 μὲν
634 1323 752 1362 αὑτοῦ
763 1322 913 1375 μητέρα
931 1321 1248 1375 ἐπενεγκαμένην
1259 1327 1401 1374 προῖκα
1417 1322 1541 1363 πλέον

215 1386 239 1439 ἢ
269 1388 407 1430 ἑκατὸν
431 1391 542 1440 μνᾶς,
569 1388 640 1439 τὴν
674 1389 706 1428 δ’
741 1388 839 1440 ἐμὴν
874 1389 1063 1441 ἄπροικον
1095 1388 1264 1441 φάσκων
1291 1392 1537 1440 συνοικῆσαι.

214 1460 337 1497 ταῦτα
361 1454 559 1505 διέξεισιν,
587 1454 616 1496 ὦ
637 1455 773 1507 ἄνδρες
800 1457 995 1502 δικασταί,
1022 1457 1111 1496 οὔτε
1125 1457 1338 1509 μαρτυρίαν
1357 1457 1539 1507 οὐδεμίαν

214 1522 520 1573 ἐμβεβλημένος
538 1524 634 1575 ὑπὲρ
654 1523 802 1563 τούτων
819 1523 899 1563 οὔτ’
917 1524 1072 1575 ἀγνοῶν
1092 1523 1142 1564 ὡς
1163 1523 1275 1563 οὐδὲν
1290 1524 1397 1575 ὑγιὲς
1415 1523 1539 1575 λέγει,

214 1589 306 1630 ἀλλ’
326 1590 499 1641 ἀκριβῶς
519 1591 628 1632 εἰδὼς
649 1591 707 1630 ὅτι
729 1591 937 1642 ὁμολογῶν
961 1592 1034 1641 μὲν
1061 1590 1209 1630 ἀδικεῖν
1235 1590 1277 1629 ἐν
1299 1590 1391 1640 ὑμῖν
1416 1590 1542 1631 οὐδείς

214 1673 273 1697 πω
298 1655 515 1708 ἀπέφυγεν,
541 1658 786 1709 ψευδόμενος
811 1659 854 1698 δὲ
880 1657 943 1697 καὶ
968 1657 1208 1708 παραγωγὰς
1226 1656 1359 1708 λέγων
1386 1655 1459 1707 ἤδη
1484 1673 1543 1697 τις

214 1724 323 1774 δίκην
339 1723 407 1763 οὐκ
423 1724 579 1764 ἔδωκεν.
624 1726 689 1764 ἵνα
706 1725 772 1765 οὖν
787 1724 838 1776 μὴ
859 1724 1130 1775 ἐξαπατηθῆτε
1146 1723 1209 1763 ὑπ’
1226 1722 1356 1769 αὐτοῦ,
1375 1722 1541 1774 βέλτιον

215 1790 318 1831 εἶναί
345 1808 412 1842 μοι
440 1793 546 1832 δοκεῖ
572 1792 731 1846 βραχέα
763 1793 825 1832 καὶ
858 1792 946 1843 περὶ
979 1791 1119 1831 τούτου
1151 1789 1248 1842 πρὸς
1279 1791 1378 1840 ὑμᾶς
1402 1791 1539 1830 εἰπεῖν.

214 1859 283 1898 ἐὰν
308 1859 382 1910 γὰρ
406 1857 506 1914 λέγῃ
533 1858 624 1909 ὡςὴ
650 1861 722 1910 μὲν
748 1858 819 1910 ἐμὴ
838 1858 966 1911 μήτηρ
987 1858 1056 1898 οὐκ
1074 1856 1319 1909 ἐπηνέγκατο
1337 1861 1489 1909 προῖκα,
1516 1856 1538 1906 ἡ

213 1926 254 1964 δὲ
278 1926 427 1965 τούτων
454 1925 710 1977 ἐπηνέγκατο,
740 1927 973 1976 ἐνθυμεῖσθε
998 1926 1058 1964 ὅτι
1084 1927 1311 1976 περιφανῶς
1335 1924 1538 1975 ψεύδεται.

212 1996 365 2043 πρῶτον
383 1994 455 2042 μὲν
471 1994 546 2043 γὰρ
563 1993 582 2031 ὁ
603 1991 822 2044 Πάμφιλος
842 1993 862 2031 ὁ
879 1991 1006 2044 πατὴρ
1021 1994 1091 2042 τῆς
1106 1992 1246 2031 τούτου
1261 1989 1406 2041 μητρὸς
1423 1989 1539 2030 πέντε

211 2057 387 2099 τάλαντα
423 2062 475 2112 τῷ
512 2060 686 2112 δημοσίῳ
724 2059 900 2110 ὀφείλων
938 2059 1209 2108 ἐτελεύτησεν,
1251 2057 1312 2097 καὶ
1348 2056 1539 2097 τοσούτου

256 2177 275 2206 5
298 2167 354 2208 ἴθι]
369 2171 434 2199 ἴσθι
451 2165 517 2197 SA
607 2166 645 2204 δὴ
664 2166 687 2197 S
704 2166 768 2204 FQ
784 2178 791 2197 :
816 2165 851 2198 δὲ
863 2166 893 2196 Α
907 2167 937 2197 D
1038 2169 1096 2200 τὸν
1112 2177 1196 2199 sset.
1213 2168 1236 2198 S
1374 2178 1411 2198 12
1436 2169 1540 2199 αὑτῶν

212 2210 243 2240 Α
259 2222 265 2241 :
290 2213 403 2242 ἑαυτοῦ
420 2215 498 2241 cett.
639 2219 676 2248 13
701 2210 821 2250 εἴωθεν]
842 2213 933 2242 εἴωθα
950 2209 974 2240 S
987 2209 1017 2248 Q
1107 2214 1165 2249 τῆς
1182 2213 1240 2243 τοῦ
1258 2211 1323 2241 SA
1340 2222 1345 2241 :
1371 2214 1429 2249 τῆς
1449 2211 1538 2250 vulg.

213 2253 268 2284 hie
284 2259 317 2284 et
335 2256 350 2291 ξ
371 2264 411 2284 22
428 2263 546 2283 omnes
682 2263 719 2291 14
744 2259 944 2294 Πλαγγωνος
962 2253 986 2284 S
1132 2256 1171 2284 16
1195 2254 1295 2286 πλέον
1314 2254 1378 2292 FQ
1395 2265 1401 2284 :
1426 2256 1539 2286 πλεῖον

215 2297 238 2327 S
251 2296 282 2326 A
301 2309 307 2327 :
331 2299 428 2328 πλεῖν
445 2296 592 2327 Dindorf
701 2297 740 2326 18
763 2299 867 2328 ταῦτα
884 2297 907 2327 S
922 2308 929 2328 :
953 2300 1055 2329 ταῦτα
1072 2296 1107 2329 δὲ
1123 2298 1211 2337 vulg.
1328 2307 1365 2328 21
1392 2298 1537 2338 ἀπέφυγε

212 2340 302 2379 vulg.
318 2353 324 2371 :
349 2339 531 2381 ἀπέφευγεν
549 2339 573 2370 S
705 2349 746 2369 22
770 2342 826 2372 οὐκ
843 2340 975 2381 ἔδωκεν]
993 2343 1029 2372 οὐ
1046 2339 1182 2373 δέδωκεν
1194 2341 1225 2370 Α
1358 2352 1397 2380 24
1424 2342 1477 2372 ἐὰν
1491 2341 1514 2371 S
1530 2352 1538 2371 t

214 2385 269 2415 ἐὰν
283 2383 343 2423 μὲν
358 2383 447 2421 vulg.
619 2384 662 2413 26
686 2385 701 2414 ὁ
719 2389 756 2414 Π.
776 2383 810 2418 S,
830 2384 871 2414 cs.
893 2384 975 2414 Isae.
994 2384 1028 2414 ix
1049 2394 1106 2423 19:
1132 2390 1170 2415 Π.
1190 2384 1280 2424 vulg.
1422 2384 1538 2416 τούτου

214 2426 299 2458 SA:
325 2426 450 2458 τούτων
465 2426 555 2466 vulg⁴
689 2437 728 2464 27
754 2429 912 2458 τοσοῦτον
930 2427 995 2465 FQ

1577 133 1685 188 [1014

1574 801 1620 824 20

1570 1468 1611 1493 21

1578 1655 1685 1710 [1015

1572 1865 1615 1890 22
