1685 2772
209 519 226 549 5

190 853 229 874 10

190 1184 228 1215 15

247 122 313 176 XL]
383 126 527 163 ΠΡΟΣ
551 125 801 163 ΒΟΙΩΤΟΝ
831 125 957 161 ΠΕΡΙ
982 125 1227 162 ΠΡΟΙΚΟΣ
1253 124 1542 162 ΜΗΤΡΩΙΑΣ

250 236 394 288 εἴπερὴ
420 238 493 286 μὲν
518 235 590 286 ἐμὴ
615 234 741 287 μήτηρ
765 233 816 286 μὴ
843 233 890 284 ἦν
907 233 1075 286 ἐγγυητὴ
1090 235 1187 284 μηδὲ
1203 233 1396 285 ἠνέγκατο
1417 238 1569 284 προῖκα,

247 303 271 355 ἡ
297 305 337 343 δὲ
357 302 505 342 τούτων
524 301 731 353 ἠνέγκατο,
748 301 838 342 τοὺς
852 303 924 351 μὲν
939 300 1007 340 οὐκ
1025 300 1102 352 ἔφη
1123 301 1240 340 αὑτοῦ
1254 302 1349 342 υἱεῖς
1368 301 1479 347 εἶναι,
1503 302 1570 352 ἐμὲ

247 373 288 411 δὲ
305 369 368 409 καὶ
383 371 554 409 ἐποιεῖτο
569 369 632 409 καὶ
648 369 871 415 ἐπαίδευεν;
910 368 971 407 ὅτι
986 366 1032 417 νὴ
1052 368 1142 412 Δία,
1162 367 1212 408 ὡς
1230 367 1337 407 οὗτοι
1352 366 1567 419 φήσουσιν,

248 436 335 487 ἐμοὶ
358 436 616 489 χαριζόμενος
643 435 705 475 καὶ
729 435 775 491 τῇ
802 435 874 490 ἐμῇ
897 434 1012 486 μητρὶ
1031 433 1191 475 τούτους
1209 434 1405 484 ἠτίμαζεν.
1477 434 1568 474 ἀλλ’

248 503 376 554 ἐκείνη
399 504 472 555 μὲν
499 502 558 543 ἔτι
580 505 701 543 παῖδα
724 500 862 553 μικρὸν
888 503 956 552 ἐμὲ
981 504 1255 541 καταλιποῦσα
1272 501 1367 551 αὐτὴ
1384 501 1450 541 τὸν
1475 502 1568 552 βίον

248 570 521 620 ἐτελεύτησεν,
546 569 570 619 ἡ
596 571 637 610 δὲ
661 569 808 609 τούτων
833 567 958 619 μήτηρ
985 568 1188 620 Πλαγγὼν
1215 568 1276 608 καὶ
1293 568 1481 620 πρότερον
1508 568 1570 608 καὶ

246 638 346 687 μετὰ
367 640 490 677 ταῦτα
509 635 702 687 εὐπρεπὴς
727 635 797 685 τὴν
823 636 919 687 ὄψιν
945 635 1048 675 οὖσα
1073 635 1312 685 ἐπλησίαζεν
1331 635 1445 689 αὐτῷ·
1464 635 1568 675 ὥστε

248 703 351 744 πολὺ
373 705 532 755 μᾶλλον
555 702 656 743 εἰκὸς
677 701 723 752 ἦν
742 701 860 742 αὑτὸν
884 704 947 742 διὰ
971 702 1043 752 τὴν
1069 703 1198 752 ζῶσαν
1214 706 1390 754 γυναῖκα,
1408 701 1453 752 ἧς
1469 703 1566 754 ἐρῶν

247 769 453 822 ἐτύγχανε,
480 770 550 809 τὸν
563 771 632 819 τῆς
647 769 868 819 τεθνεώσης
884 768 967 809 υἱὸν
983 769 1195 819 ἀτιμάζειν,
1216 765 1238 818 ἦ
1260 768 1307 809 δι’
1327 770 1394 819 ἐμὲ
1419 769 1480 808 καὶ
1496 768 1568 818 τὴν

247 828 568 886 τετελευτηκυῖαν
595 835 685 878 τοὺς
714 837 756 876 ἐκ
785 838 854 885 τῆς
885 836 1011 886 ζώσης
1040 836 1102 876 καὶ
1131 836 1431 886 πλησιαζούσης
1465 835 1566 890 αὐτῷ

247 905 389 945 παῖδας
423 902 474 954 μὴ
512 906 724 943 ποιεῖσθαι.
799 904 922 943 καίτοι
957 903 1069 945 οὗτός
1104 920 1150 955 γε
1187 904 1242 944 εἰς
1277 905 1390 942 τοῦτο
1419 903 1567 953 τόλμης

247 969 344 1020 ἥκει,
362 970 467 1010 ὥστε
483 970 585 1021 φησὶ
601 969 669 1010 τὸν
685 969 835 1021 πατέρα
849 987 922 1021 μου
937 969 1102 1020 δεκάτην
1120 970 1217 1021 ὑπὲρ
1236 970 1352 1009 αὑτοῦ
1368 971 1565 1010 ἑστιᾶσαι.

249 1036 313 1077 καὶ
326 1037 414 1085 περὶ
429 1035 569 1076 τούτου
583 1036 706 1087 μόνον
719 1035 986 1089 Τιμοκράτους
1004 1038 1066 1077 καὶ
1083 1036 1301 1089 Προμάχου
1317 1035 1569 1087 ἐμβέβληται

247 1103 472 1155 μαρτυρίας,
494 1103 530 1143 οἳ
555 1103 643 1143 οὔτε
667 1103 773 1155 γένει
794 1102 1043 1155 προσήκουσί
1057 1120 1130 1155 μου
1146 1107 1198 1158 τῷ
1216 1103 1333 1155 πατρὶ
1349 1103 1460 1143 οὐδὲν
1479 1102 1568 1143 οὔτε

249 1170 364 1222 φίλοι
386 1169 490 1220 ἦσαν
516 1170 662 1224 ἐκείνῳ.
707 1171 806 1210 οὕτω
830 1172 872 1210 δὲ
897 1174 1076 1222 φανερῶς
1101 1172 1148 1210 τὰ
1172 1172 1299 1222 ψευδῆ
1324 1168 1564 1222 μεμαρτυρή-

250 1253 380 1282 κασιν,
407 1237 510 1277 ὥστε
536 1236 581 1276 ὃν
606 1236 765 1277 πάντων
793 1237 901 1287 ὑμῶν
933 1238 1093 1277 εἰδότων
1126 1238 1262 1278 οὑτοσὶ
1294 1238 1405 1287 δίκην
1428 1237 1568 1290 λαχὼν

249 1303 395 1343 ἄκοντα
423 1303 626 1355 ἠνάγκασε
659 1302 905 1354 ποιήσασθαι
937 1305 1067 1350 αὑτόν,
1102 1307 1240 1344 τοῦτον
1275 1304 1394 1350 οὗτοι,
1433 1305 1568 1356 ὥσπερ

249 1372 455 1421 κλητῆρες,
481 1370 550 1410 δύο
573 1371 688 1422 μόνοι
714 1372 824 1412 ὄντες
848 1375 1112 1423 μαρτυροῦσιν
1131 1370 1294 1421 δεκάτην
1317 1373 1413 1423 ὑπὲρ
1430 1371 1568 1411 τούτου

249 1439 444 1477 ἑστιᾶσαι.
483 1438 541 1479 οἶς
564 1438 622 1479 τίς
647 1437 696 1478 ἂν
719 1439 826 1489 ὑμῶν
849 1438 1121 1485 πιστεύσειεν;
1161 1439 1223 1478 καὶ
1247 1438 1325 1489 μὴν
1343 1438 1422 1478 οὐδ’
1444 1439 1570 1478 ἐκεῖνό

249 1520 294 1556 γε
310 1505 434 1544 εἰπεῖν
450 1503 552 1558 αὐτῷ
574 1504 787 1558 ἐνδέχεται,
807 1505 858 1546 ὡς
874 1504 1012 1556 μικρὸν
1026 1507 1099 1556 μὲν
1119 1507 1214 1545 ὄντα
1230 1506 1399 1545 ἐποιεῖτο
1417 1504 1534 1545 αὐτὸν
1550 1505 1570 1543 ὁ

249 1569 390 1622 πατήρ,
416 1571 534 1621 μείζω
560 1573 602 1612 δὲ
621 1573 833 1624 γενόμενον
858 1577 904 1628 τῇ
929 1572 1044 1623 μητρὶ
1069 1572 1268 1624 ὀργισθείς
1293 1589 1330 1612 τι
1353 1577 1400 1628 τῇ
1424 1571 1569 1611 τούτων

248 1636 446 1688 ἠτίμαζεν·
483 1638 586 1678 πολὺ
605 1640 679 1692 γὰρ
699 1638 822 1689 δήπου
838 1641 995 1691 μᾶλλον
1013 1639 1211 1684 εἰώθασιν,
1233 1640 1286 1678 ὧν
1310 1638 1358 1679 ἂν
1378 1640 1420 1678 ἐν
1440 1639 1571 1679 αὐτοῖς

250 1707 510 1757 διενεχθῶσιν
534 1706 629 1758 γυνὴ
663 1707 724 1746 καὶ
750 1705 858 1758 ἀνήρ,
888 1705 1199 1746 διαλλάττεσθαι
1224 1708 1287 1745 διὰ
1311 1707 1400 1746 τοὺς
1430 1709 1571 1746 παῖδας

248 1767 271 1820 ἢ
289 1773 351 1811 διὰ
367 1773 437 1813 τὰς
451 1772 547 1823 πρὸς
563 1773 722 1815 ἑαυτοὺς
738 1774 857 1826 ὀργὰς
876 1773 966 1815 τοὺς
987 1772 1137 1814 κοινοὺς
1155 1776 1296 1814 παῖδας
1313 1773 1408 1822 πρὸς
1422 1776 1569 1822 μισεῖν.

190 1851 198 1859 ’
249 1837 354 1878 ὥστε
384 1840 451 1879 ἐὰν
480 1841 552 1890 μὲν
582 1841 761 1897 ἐπιχειρῇ
789 1844 910 1881 ταῦτα
939 1840 1086 1892 λέγειν,
1118 1839 1170 1890 μὴ
1201 1839 1430 1891 ἐπιτρέπετε
1460 1840 1567 1879 ἀναι-

249 1909 448 1957 σχυντεῖν.
509 1906 557 1946 ἂν
582 1909 623 1947 δὲ
642 1906 742 1964 λέγῃ
763 1907 851 1959 περὶ
869 1911 946 1947 τῶν
967 1911 1083 1947 δικῶν
1103 1906 1148 1948 ἃς
1168 1904 1433 1963 ἀπεδιῄτησέν
1451 1922 1524 1957 μου
1551 1906 1570 1944 ὁ

295 2024 307 2044 1
333 2014 393 2054 μὲν
410 2026 474 2046 om.
495 2015 530 2054 S,
549 2017 590 2048 cf.
613 2019 628 2054 ξ
646 2027 687 2047 22
806 2028 825 2047 2
849 2018 923 2049 τοὺς
941 2016 984 2048 S:
1008 2016 1141 2049 τούτους
1158 2016 1246 2054 vulg.
1366 2026 1386 2054 3
1411 2016 1571 2057 φήσουσιν

250 2057 293 2088 S:
319 2066 418 2098 φασιν
434 2059 522 2098 vulg.
635 2070 652 2098 7
679 2061 878 2098 ἐπλησίασεν
895 2060 918 2090 S
931 2060 961 2089 Α
1080 2071 1101 2100 9
1125 2061 1179 2092 ὑὸν
1196 2058 1233 2090 Sl
1347 2070 1384 2090 12
1409 2071 1569 2090 ειστιασαι

250 2101 274 2131 S
291 2101 345 2131 hic
362 2107 395 2132 et
412 2101 497 2132 infra
632 2113 669 2142 13
692 2103 823 2143 τούτου]
842 2118 899 2135 του
918 2104 941 2133 S
1060 2103 1172 2144 μόνον]
1193 2102 1290 2143 μόνου
1306 2102 1337 2132 Α
1352 2115 1360 2133 2
1382 2102 1440 2142 μὲν
1458 2101 1570 2132 Naber

251 2144 454 2184 ἐμβέβληται
473 2145 496 2176 S
512 2158 519 2176 ι
544 2146 764 2178 ἀποδέδεικται
781 2148 869 2186 vulg.
985 2148 1023 2177 16
1048 2146 1178 2179 εἰδότων
1193 2157 1258 2178 om.
1279 2146 1302 2177 S
1392 2145 1484 2178 οὗτος
1500 2145 1531 2174 Α
1543 2145 1569 2175 F

250 2198 287 2218 21
314 2189 473 2229 ὀργισθείς
486 2203 517 2220 τι
534 2191 575 2231 τῇ
592 2189 716 2221 τούτων
727 2189 865 2221 Aldina:
893 2191 1050 2231 ὀργισθείς
1063 2204 1095 2222 τι
1108 2192 1149 2233 τῇ
1163 2190 1278 2222 τούτου
1290 2189 1321 2220 Α
1334 2190 1358 2220 F
1369 2189 1399 2228 Q
1414 2190 1461 2220 D:
1484 2189 1568 2230 ὀργί-

249 2230 340 2270 ζεσθε
357 2234 398 2274 τῇ
415 2232 538 2264 τούτων
553 2246 585 2264 τι
604 2232 627 2262 S
783 2243 823 2262 22
847 2234 985 2273 ἠτίμασε
1009 2234 1033 2264 F
1145 2236 1180 2266 ἐν
1196 2236 1301 2266 αὑτοῖς
1319 2233 1342 2264 S
1359 2245 1365 2265 2
1392 2236 1425 2265 ἐν
1446 2234 1568 2264 ἑαυτοῖς

247 2274 278 2303 Α
293 2285 299 2304 :
323 2276 429 2307 αὐτοῖς
448 2275 533 2313 FQ:
560 2277 682 2307 ἑαυτοῖς
701 2277 805 2306 xxxix
823 2287 863 2315 23
995 2287 1035 2315 25
1062 2276 1264 2319 ἐπιτρέπεται
1279 2277 1302 2307 S
1393 2278 1476 2315 αὐτῷ
1493 2280 1568 2314 post

249 2318 437 2358 ἐπιτρέπετε
454 2319 530 2349 add.
548 2319 636 2356 vulg.
653 2330 661 2349 :
685 2329 750 2349 om.
769 2319 834 2349 SA
943 2322 984 2350 26
1008 2321 1043 2352 ἃς
1061 2320 1084 2350 S
1098 2320 1146 2350 A:
1174 2323 1212 2353 ὡς
1230 2320 1321 2361 Q7p.
1341 2331 1348 2350 ε
1372 2330 1437 2351 om.
1457 2319 1481 2348 F
1495 2318 1524 2356 Q
1539 2318 1568 2347 D

249 2360 463 2403 ἆπεδιῄτησεν
481 2361 506 2392 S
518 2361 548 2391 A
562 2361 592 2400 Q
605 2375 655 2403 γρ.
673 2374 678 2392 ;
704 2363 937 2404 κατεδιῄτησεν
956 2363 981 2393 F
995 2363 1024 2401 Q
1040 2363 1068 2393 D

315 2448 402 2469 uma
1447 2442 1484 2471 13

1606 113 1685 168 [ιο]

1599 445 1643 478 27

1599 911 1643 944 28

1602 1033 1685 1087 [101

1598 1455 1642 1490 29

1599 1921 1645 1955 30
