1685 2772
49 113 165 168 [864]

147 246 167 271 2

146 714 168 750 3

51 1237 168 1293 [865]
205 1241 221 1256 ⁹

622 125 1108 163 ΔΗΜΟΣΘΕΝΟΤΣ
1436 122 1535 177 [xxx

196 235 494 289 δυσκολώτερον
521 237 583 276 καὶ
607 238 765 287 μᾶλλον
785 234 897 286 ἄξιον
923 237 1018 275 ὄντα
1043 237 1175 276 δοῦναι
1200 235 1323 286 δίκην.
1375 235 1444 276 τὸν
1461 238 1536 287 μὲν

197 304 271 355 γδιρ
297 304 475 355 οἰόμενος
500 306 579 343 δεῖν
605 303 647 342 ἐν
672 306 754 344 τοῖς
779 304 916 354 φίλοις
941 301 1248 343 διαδικάσασθαι
1271 304 1320 343 τὰ
1345 306 1441 355 πρὸς
1466 304 1534 354 ἐμὲ

199 370 261 409 καὶ
296 370 349 421 μὴ
380 373 526 420 λαβεῖν
555 370 663 420 ὑμῶν
691 373 832 421 πεῖραν
861 369 935 423 οὐχ
968 369 1051 411 οἶός
1084 368 1118 410 τ’
1154 370 1347 422 ἐγενόμην
1383 373 1533 410 πεῖσαι·

197 440 332 477 τοῦτον
363 437 395 477 δ’
423 436 541 477 αὐτὸν
573 437 675 491 αὐτῷ
710 435 881 477 κελεύων
916 435 1106 489 γενέσθαι
1142 435 1343 487 δικαστήν,
1384 437 1448 477 ἵνα
1482 436 1534 489 μὴ

199 503 288 555 παρ’
324 505 415 554 ὑμῖν
452 504 698 560 κινδυνεύσῃ,
734 509 927 545 τοσοῦτον
965 502 1276 556 κατεφρονήθην,
1313 503 1409 544 ὥστ’
1447 503 1535 557 οὐχὶ
1556 517 1572 548 5

197 572 318 622 μόνον
349 571 473 623 λόγου
505 575 637 624 τυχεῖν
663 571 731 611 οὐκ
765 570 949 621 ἠξιώθην,
977 571 1084 611 ἀλλὰ
1115 571 1178 612 καὶ
1211 572 1253 611 ἐκ
1281 573 1352 622 τῆς
1374 573 1460 624 γῆς,
1486 570 1536 622 ἢν

191 637 380 689 ’Ἄφοβος
406 637 580 688 ἐκέκτηθ’
606 637 662 678 ὅτ’
688 637 924 690 ὠφλίσκανέ
950 655 1019 689 μοι
1047 637 1120 688 τὴν
1145 638 1266 688 δίκην,
1293 639 1535 691 ὑβριστικῶς

198 704 263 745 ὑπ’
289 705 405 745 αὐτοῦ
428 704 531 745 πάνυ
557 703 796 755 ἐξεβλήθην.
852 704 985 755 ἐπειδὴ
1012 704 1079 745 οὖν
1105 709 1400 757 συναποστερεῖ
1419 705 1463 745 τέ
1486 722 1536 757 με

199 775 276 811 τῶν
300 773 424 812 ὄντων
448 776 501 826 τῷ
527 774 667 812 ἑαυτοῦ
696 774 878 828 κηδεστῇ,
899 771 1097 812 πιστεύων
1116 771 1150 811 τ’
1172 772 1226 814 εἷς
1251 773 1349 822 ὑμᾶς
1375 771 1533 822 εἰσελή-

200 841 319 879 λυθεν
356 842 440 880 ταῖς
480 840 598 879 αὑτοῦ
636 842 918 890 παρασκευαῖς,
959 838 1180 879 ὑπόλοιπόν
1219 839 1330 879 ἐστιν
1365 840 1407 879 ἐν
1444 841 1536 889 ὑμῖν
1559 854 1598 876 10

200 908 410 957 πειρᾶσθαι
435 905 524 957 παρ’
551 907 669 946 αὐτοῦ
694 909 771 946 τῶν
796 906 955 946 δικαίων
979 904 1205 959 τυγχάνειν.
1257 905 1344 945 οῖδα
1361 907 1434 957 μὲν
1452 905 1533 952 οὖν,

200 970 230 1012 ὦ
272 971 407 1024 ἄνδρες
446 974 640 1018 δικασταί,
682 973 742 1012 ὅτι
779 989 848 1023 μοι
879 971 976 1024 πρὸς
1016 974 1266 1024 παρασκευὰς
1300 973 1435 1024 λόγων
1471 973 1535 1014 καὶ

198 1038 395 1091 μάρτυρας
430 1039 475 1079 οὐ
510 1040 661 1090 τάληθῆ
697 1038 1021 1091 μαρτυρήσοντας
1057 1039 1077 1078 ὁ
1112 1039 1219 1091 ἀγών
1256 1040 1381 1080 ἐστιν·
1429 1040 1534 1091 ὅμως

198 1105 332 1157 μέντοι
356 1110 548 1146 τοσοῦτον
573 1107 679 1157 οἶμαι
705 1107 872 1146 διοίσειν
896 1110 950 1161 τῷ
976 1106 1196 1158 δικαιότερα
1220 1107 1358 1146 τούτου
1382 1105 1529 1159 λέγειν,

199 1172 294 1213 ὥστ’
316 1174 349 1214 εἰ
366 1173 431 1213 καί
446 1191 504 1214 τις
522 1174 630 1224 ὑμῶν
650 1174 841 1225 πρότερον
861 1177 1001 1214 τοῦτον
1020 1172 1144 1225 ἡγεῖτ’
1161 1174 1260 1214 εῖναι
1274 1172 1327 1224 μὴ
1347 1174 1531 1226 πονηρόν,
1557 1189 1594 1222 15

200 1258 241 1281 εκ
271 1258 317 1292 γε
349 1245 426 1281 τῶν
451 1239 547 1293 πρὸς
581 1242 649 1292 ἐμὲ
679 1240 967 1293 πεπραγμένων
1000 1240 1243 1293 γνώσεσθαι,
1279 1242 1339 1281 ὅτι
1371 1242 1434 1281 καὶ
1467 1241 1536 1281 τὸν

199 1307 326 1347 ἄλλον
350 1308 497 1361 χρόνον
526 1307 742 1348 ἐλάνθανεν
766 1307 884 1348 αὐτὸν
911 1307 1096 1349 κάκιστος
1126 1306 1179 1348 ὢν
1206 1308 1268 1348 καὶ
1298 1308 1536 1350 ἀδικώτατος

201 1374 397 1415 ἁπάντων.
457 1374 651 1425 ἀποδείξω
670 1377 745 1427 γὰρ
766 1374 884 1415 αὐτὸν
904 1374 948 1415 οὐ
967 1375 1090 1426 μόνον
1114 1374 1185 1425 τὴν
1205 1374 1332 1427 προῖκ’
1352 1375 1397 1416 οὐ
1415 1378 1532 1416 δεδω-

203 1442 308 1488 κότα,
335 1441 380 1492 ἧς
410 1446 513 1494 φησι
540 1444 609 1482 νῦν
640 1443 952 1493 ἀποτετιμῆσθαι
984 1442 1030 1483 τὸ
1062 1443 1222 1496 χωρίον,
1254 1443 1361 1483 ἀλλὰ
1398 1443 1459 1483 καὶ
1493 1442 1539 1493 ἐξ

201 1509 326 1562 ἀρχῆς
350 1512 432 1550 τοῖς
457 1510 561 1559 ἐμοῖς
587 1510 949 1560 ἐπιβουλεύσαντα,
979 1509 1043 1550 καὶ
1068 1508 1163 1563 πρὸς
1189 1509 1343 1552 τούτοις
1366 1509 1437 1560 τὴν
1462 1512 1534 1561 μὲν
1557 1524 1597 1546 20

199 1575 349 1629 γυναῖκ’
383 1576 450 1616 οὐκ
482 1577 808 1623 ἀπολελοιπυῖαν,
842 1578 940 1628 ὑπὲρ
968 1577 1014 1627 ἧς
1047 1576 1219 1630 ἐξήγαγέ
1246 1577 1285 1629 μ’
1320 1579 1361 1618 ἐκ
1394 1578 1533 1627 ταύτης

198 1645 267 1693 τῆς
292 1645 376 1695 γῆς,
396 1643 687 1695 προϊστάμενον
706 1643 738 1683 δ’
760 1643 820 1684 ἐπ’
841 1643 1111 1696 ἀποστερήσει
1128 1648 1206 1684 τῶν
1228 1646 1331 1695 ἐμῶν
1350 1644 1534 1697 Ἀφόβου

200 1710 262 1750 καὶ
288 1709 447 1751 τούτους
471 1709 718 1761 ὑπομένοντα
741 1711 829 1753 τοὺς
856 1712 1025 1764 ἀγῶνας,
1053 1712 1153 1751 οὕτω
1177 1710 1367 1763 μεγάλοις
1391 1729 1532 1763 τεκμη-

197 1778 296 1829 ρίοις
333 1777 394 1816 καὶ
431 1781 618 1830 φανεροῖς
653 1778 839 1831 ἐλέγχοις
873 1778 970 1818 ὥσθ’
1007 1779 1105 1829 ὑμᾶς
1141 1777 1316 1820 ἅπαντας
1352 1780 1535 1819 εἴσεσθαι

199 1848 339 1896 σαφῶς
375 1845 435 1885 ὅτι
470 1846 626 1887 δικαίως
660 1846 722 1885 καὶ
759 1845 1041 1897 προσηκόντως
1073 1845 1187 1887 οὗτος
1220 1846 1358 1898 φεύγει
1388 1846 1533 1896 ταύτην
1555 1859 1593 1891 25

198 1910 261 1951 ὑπ’
289 1912 383 1962 ἐμοῦ
406 1910 478 1962 τὴν
503 1911 626 1963 δίκην.
685 1913 777 1953 ὅθεν
803 1915 844 1953 δὲ
868 1913 997 1966 ῥᾷστα
1020 1911 1253 1963 μαθήσεσθε
1279 1913 1366 1964 περὶ
1391 1913 1530 1960 αὐτῶν,

199 1979 378 2018 ἐντεῦθεν
397 1979 496 2029 ὑμᾶς
522 1980 583 2020 καὶ
609 1980 685 2032 ἐγὼ
711 1983 865 2031 πρῶτον
890 1978 1128 2031 πειράσομαι
1153 1978 1367 2020 διδάσκειν.

265 2044 372 2097 Ἐγὼ
402 2045 488 2101 γάρ,
516 2044 544 2085 ὦ
578 2046 715 2098 ἄνδρες
748 2048 943 2092 δικασταί,
971 2046 1146 2088 πολλούς
1178 2045 1211 2086 τ’
1241 2046 1387 2088 ἄλλους
1412 2045 1529 2097 Ἀθη-

243 2165 257 2185 1
286 2156 362 2188 ὄντα
380 2162 454 2195 post
474 2157 558 2197 ἄξιον
575 2156 664 2194 vulg.
682 2167 688 2186 :
713 2161 790 2195 post
809 2157 1054 2198 δυσκολώτερον
1070 2154 1102 2184 Α
1205 2156 1226 2184 6
1249 2155 1304 2196 ἢν]
1322 2154 1360 2193 ἧς
1377 2155 1408 2185 Α
1511 2155 1532 2185 8

199 2203 434 2241 συναποστερεῖ
455 2213 491 2231 τε
512 2199 659 2230 Reiske:
684 2199 916 2241 συναπεστέρει
937 2199 982 2230 S:
1009 2202 1297 2239 συναποστερεΐται
1314 2199 1368 2230 A:
1394 2199 1530 2230 ἆποστε·

196 2246 297 2285 ρεῖται
313 2243 338 2272 F
352 2243 381 2273 D
488 2252 525 2282 14
550 2241 611 2283 τῷ]
629 2243 667 2274 τὸ
684 2242 716 2272 Α
837 2245 875 2272 16
897 2256 936 2283 γε
953 2253 1018 2273 om.
1037 2242 1068 2272 A
1185 2243 1261 2284 πρὸς
1279 2241 1335 2282 ἐμὲ
1352 2255 1391 2273 πε
1406 2252 1471 2274 om.
1492 2241 1532 2274 S¹

196 2288 379 2328 γνώσεσθαι
400 2285 539 2325 Sauppe
556 2286 629 2317 coll.
647 2288 663 2323 ξ
682 2296 715 2325 5:
741 2287 909 2326 γνώσεσθε
929 2286 1047 2317 SFD:
1070 2287 1232 2327 γνώσεται
1247 2285 1278 2315 Α
1371 2295 1408 2324 17
1427 2287 1532 2318 ἄλλον

196 2329 229 2360 Α
244 2341 252 2360 t
275 2329 521 2371 παρεληλυθότα
538 2329 627 2368 vulg.
740 2330 778 2359 18
803 2329 952 2362 ἁπάντων
970 2329 994 2360 S
1010 2341 1017 2360 τ
1041 2330 1169 2361 πάντων
1184 2329 1274 2368 vulg.
1393 2338 1432 2368 19
1456 2330 1529 2361 ἄπο-

196 2374 392 2413 τιμήσασθαι
410 2374 436 2404 F
450 2374 479 2403 D
605 2383 645 2411 24
671 2372 812 2406 ἅπαντας
829 2373 853 2404 S
870 2385 877 2404 :
902 2374 1023 2406 πάντας
1039 2373 1129 2412 vulg.
1263 2374 1306 2403 26
1326 2372 1528 2414 μαθήσεσθε]

196 2428 218 2457 μ
235 2418 266 2448 in
284 2418 382 2448 litura
401 2418 423 2447 ii
441 2417 502 2447 litt.
525 2417 556 2447 in
576 2417 599 2447 S
