1685 2772
145 57 276 112 xxxv]
542 62 704 100 ΠΡΟΣ
753 62 1071 114 ΛΑΚΡΙΤΟΝ
1505 50 1634 106 [940]

142 177 213 214 ποῖ
235 173 303 213 οὖν
322 176 383 213 δεῖ
403 172 548 222 ταύτην
567 173 766 212 εἰσελθεῖν
784 172 855 223 τὴν
881 173 1009 223 δίκην;
1051 171 1220 222 δίδαξον,
1242 170 1271 212 ὦ
1292 171 1471 223 Λάκριτε,

141 240 264 290 μόνον
289 240 442 280 δίκαιόν
474 256 512 279 τι
543 238 676 292 λέγων
708 239 769 279 καὶ
804 241 901 279 κατὰ
933 239 1022 281 τοὺς
1054 241 1208 290 νόμους.
1279 238 1372 279 ἀλλ’
1406 239 1474 278 οὐκ

142 307 254 346 ἔστιν
280 307 380 346 οὕτω
406 305 532 348 δεινὸς
557 306 763 358 ἄνθρωπος
792 307 920 348 οὐδεὶς
945 308 1059 348 ὅστις
1087 306 1135 347 ἂν
1165 306 1255 358 περὶ
1286 306 1473 345 τοιούτων

141 373 381 425 πραγμάτων
407 374 495 427 ἔχοι
517 389 555 413 τι
581 373 731 413 δίκαιον
757 374 891 414 εἰπεῖν.

103 455 120 485 5
209 440 269 481 Οὐ
298 441 430 480 τοίνυν
463 442 583 480 ταῦτα
616 441 751 492 μόνον,
786 438 815 479 ὦ
846 440 983 492 ἄνδρες
1020 440 1214 485 δικασταί,
1249 441 1357 479 δεινὰ
1394 440 1471 491 ἐγὼ
1503 454 1548 490 50

141 506 286 560 πάσχω
312 506 387 548 ὑπὸ
412 508 610 558 Λακρίτου
631 507 799 552 τουτουί,
828 507 934 546 ἀλλὰ
966 508 1027 547 καὶ
1054 507 1175 561 χωρὶς
1202 509 1270 546 τοῦ
1297 507 1468 546 ἀποστε-

137 576 295 626 ρεῖσθαι
331 575 379 613 τὰ
415 573 599 626 χρήματα
634 573 699 614 καὶ
733 575 789 615 εἷς
825 573 915 615 τοὺς
952 574 1149 627 ἐσχάτους
1186 573 1234 614 ἂν
1272 573 1469 614 κινδύνους

139 641 340 692 ἀφικόμην
364 639 409 680 τὸ
425 640 565 680 τούτου
587 640 718 692 μέρος,
739 641 774 680 εἰ
799 639 851 691 μή
876 658 942 692 μοι
968 641 990 691 ἡ
1018 639 1230 693 συγγραφὴ
1259 638 1420 691 ἐβοήθει
1445 640 1468 690 ἡ
1500 631 1616 687 [941]

137 706 234 758 πρὸς
266 707 436 753 τούτους,
473 707 536 746 καὶ
570 707 776 759 ἐμαρτύρει
804 708 865 747 ὅτι
897 708 953 749 εἷς
977 707 1046 748 τὸν
1076 708 1234 748 Πόντον
1264 707 1389 747 ἔδωκα
1421 708 1467 746 τὰ

81 787 119 808 10
135 773 318 826 χρήματα
345 774 408 814 καὶ
427 774 549 814 πάλιν
574 773 778 824 Ἀθήναζε.
838 776 928 815 ἴστε
948 775 1036 827 γάρ,
1059 772 1088 814 ὦ
1113 774 1251 826 ἄνδρες
1271 775 1464 819 δικασταί,

135 840 204 881 τὸν
239 841 361 892 νόμον
398 841 449 882 ὡς
483 842 662 894 χαλεπός
699 842 822 887 ἐστιν,
855 841 926 882 ἐάν
960 859 1019 884 τις
1055 841 1276 892 Ἀθηναίων
1312 839 1468 880 ἄλλοσέ

136 924 203 947 ποι
228 907 428 964 σιτηγήσῃ
460 905 484 958 ἢ
518 907 724 958 Ἀθήναζε,
752 905 775 958 ἢ
805 907 988 961 χρήματα
1018 909 1180 965 δανείσῃ
1211 910 1265 949 εἷς
1299 907 1401 947 ἄλλο
1429 925 1467 947 τι

137 975 326 1027 ἐμπόριον
350 972 373 1025 ἢ
400 975 443 1015 τὸ
470 974 705 1026 Ἀθηναίων,
733 976 811 1015 οἶαι
839 976 968 1026 ζημίαι
994 976 1082 1029 περὶ
1106 977 1255 1016 τούτων
1281 976 1397 1020 εἰσίν,
1416 974 1467 1015 ὥς

133 1041 305 1094 μεγάλαι
332 1042 394 1082 καὶ
419 1042 555 1083 δειναί.
614 1045 774 1093 μᾶλλον
794 1045 835 1083 δὲ
869 1044 987 1084 αὐτὸν
1013 1042 1212 1095 ἀνάγνωθι
1243 1042 1374 1083 αὐτοῖς
1398 1045 1467 1082 τὸν
1498 1052 1538 1089 51

76 1121 113 1153 15
132 1109 266 1159 νόμον,
295 1108 343 1149 ἵν’
369 1109 656 1162 ἀκριβέστερον
680 1109 874 1161 μάθωσιν.

719 1267 875 1296 ΝΟΜΟΣ.

186 1331 382 1386 Ἀργύριον
405 1334 444 1373 δὲ
469 1335 521 1385 μὴ
549 1335 679 1381 ἐξεῖναι
704 1335 869 1373 ἐκδοῦναι
888 1333 1094 1384 Ἀθηναίων
1115 1335 1175 1373 καὶ
1197 1337 1268 1373 τῶν
1287 1335 1464 1385 μετοίκων

131 1390 205 1425 τῶν
223 1387 407 1437 Ἀθήνησι
435 1391 702 1438 μετοικούντων
730 1389 870 1439 μηδενί,
891 1389 985 1439 μηδὲ
1012 1389 1060 1428 ὧν
1086 1389 1186 1428 οὗτοι
1213 1391 1332 1439 κύριοί
1357 1392 1462 1435 εἰσιν,

134 1445 183 1482 εἰς
202 1446 290 1481 ναῧν
308 1443 387 1492 ἥτις
407 1442 451 1481 ἂν
469 1444 521 1493 μὴ
541 1445 665 1494 μέλλῃ
686 1445 784 1489 ἄξειν
804 1446 910 1482 σῖτον
929 1443 1120 1492 Ἀθήναζε,
1147 1444 1215 1481 καὶ
1241 1445 1386 1481 τᾶλλα
1411 1445 1464 1482 τὰ

75 1508 114 1529 20
131 1498 423 1548 γεγραμμένα
452 1504 552 1548 περὶ
585 1500 776 1537 ἑκάστου
806 1500 961 1537 αὐτῶν.
1020 1499 1083 1535 ἐὰν
1113 1498 1153 1535 δέ
1173 1515 1228 1538 τις
1254 1497 1343 1549 ἐκδῷ
1363 1499 1463 1547 παρὰ

131 1554 258 1597 ταῦτα,
280 1551 370 1590 εἶναι
398 1552 465 1601 τὴν
494 1554 614 1601 φάσιν
642 1554 702 1590 καὶ
729 1552 797 1601 τὴν
826 1553 1051 1604 ἀπογραφὴν
1078 1555 1143 1590 τοῦ
1172 1553 1346 1604 ἀργυρίου
1370 1553 1463 1602 πρὸς

130 1605 216 1645 τοὺς
242 1608 479 1656 ἐπιμελητάς,
501 1607 665 1656 καθάπερ
691 1609 756 1656 τῆς
774 1608 862 1647 νεὼς
889 1607 948 1644 καὶ
973 1610 1038 1645 τοῦ
1065 1608 1172 1645 σίτου
1200 1608 1347 1656 εἴρηται,
1370 1608 1462 1644 κατὰ

131 1661 258 1697 ταύτά.
321 1661 382 1698 καὶ
411 1661 492 1709 δίκη
522 1663 617 1713 αὐτῷ
646 1662 698 1711 μὴ
727 1663 823 1699 ἔστω
851 1662 936 1711 περὶ
959 1663 1024 1699 τοῦ
1051 1662 1233 1713 ἀργυρίου,
1259 1661 1278 1698 ὃ
1305 1660 1348 1698 ἂν
1371 1661 1461 1712 ἐκδῷ

131 1715 281 1753 ἄλλοσέ
293 1714 394 1764 ποιῆ
414 1715 605 1765 Ἀθήναζε,
625 1716 718 1766 μηδὲ
739 1716 836 1767 ἀρχὴ
851 1717 1028 1768 εἰσαγέτω
1044 1717 1128 1766 περὶ
1145 1716 1276 1754 τούτου
1288 1715 1460 1765 μηδεμία.

73 1842 110 1874 ²5
199 1832 248 1873 Ὁ
272 1835 345 1884 μὲν
370 1834 501 1884 νόμος,
529 1832 558 1874 ὦ
595 1833 734 1886 ἄνδρες
765 1835 961 1880 δικασταί,
998 1835 1097 1874 οὕτω
1123 1834 1300 1887 χαλεπός
1333 1834 1457 1874 ἐστιν·
1493 1849 1535 1886 52

133 1900 239 1939 οὗτοι
277 1902 320 1941 δὲ
352 1902 389 1940 οἱ
424 1901 664 1953 μιαρώτατοι
699 1901 917 1953 ἀνθρώπων
954 1900 1151 1947 ἁπάντων,
1188 1899 1461 1953 γεγραμμένον

133 1965 343 2019 διαρρήδην
364 1969 407 2007 ἐν
425 1974 472 2024 τῇ
493 1974 708 2025 συγγραφῇ
726 1967 918 2018 Ἀθήναζε
933 1967 1055 2008 πάλιν
1073 1968 1181 2018 ἥκειν
1200 1969 1247 2007 τὰ
1263 1966 1458 2021 χρήματα,

178 2085 198 2115 3
223 2075 396 2117 τοιούτων]
412 2075 537 2108 τούτων
553 2080 618 2108 τῶν
633 2076 664 2106 Α
829 2088 846 2116 7
872 2078 922 2109 καὶ
941 2087 1005 2108 orn.
1026 2077 1069 2115 A,
1088 2083 1122 2108 at
1139 2079 1179 2110 cf.
1199 2077 1243 2107 lix
1261 2087 1302 2116 52
1422 2078 1460 2109 ἂν

134 2124 212 2157 post
227 2120 388 2159 ἀφικόμην
405 2120 520 2150 colloc.
543 2120 568 2150 F
581 2120 611 2158 Q
625 2121 654 2150 D
773 2122 792 2151 8
816 2121 957 2151 alterum
975 2122 995 2159 ἡ
1012 2132 1074 2151 om.
1094 2123 1123 2152 A
1231 2131 1269 2151 10
1291 2120 1353 2162 γάρ
1372 2121 1395 2151 S
1408 2120 1458 2152 D:

134 2163 197 2203 ’γὰρ
215 2164 317 2200 δήπου
332 2164 422 2202 vulg.
517 2173 622 2194 11-12
648 2164 776 2196 ἄλλοσέ
790 2164 858 2205 ποι]
875 2177 943 2196 εποι
961 2165 984 2195 S
1002 2165 1115 2195 addito
1132 2164 1164 2194 in
1180 2175 1246 2203 mg.
1261 2165 1367 2196 ἄλλως
1383 2175 1401 2194 a
1415 2174 1457 2195 m.

135 2211 202 2236 ant.
341 2216 378 2236 12
404 2208 448 2239 εἰς
465 2207 549 2239 ἄλλο
565 2207 612 2247 ⁷1]
631 2208 651 2246 ἢ
669 2209 711 2239 εἷς
729 2209 812 2239 ἄλλο
832 2207 856 2238 S
998 2217 1035 2247 14
1060 2209 1157 2239 αὐτὸν
1173 2217 1238 2238 om.
1255 2207 1286 2237 A
1422 2208 1461 2237 16

134 2248 247 2287 legem
265 2260 331 2280 orn.
352 2250 376 2281 S
484 2251 522 2280 18
545 2251 658 2290 μηδενί
674 2261 740 2282 om.
759 2250 825 2289 FQ
839 2250 869 2280 D
939 2251 1019 2291 μηδὲ
1037 2261 1102 2281 om.
1120 2250 1151 2280 A
1256 2261 1296 2281 22
1322 2250 1460 2290 καθάπερ

137 2290 204 2330 FQ
217 2292 246 2321 D
263 2304 270 2323 2
294 2296 373 2325 καθὰ
389 2295 456 2335 περὶ
476 2294 507 2324 Α
639 2303 680 2332 23
705 2294 808 2326 ταύτά
827 2294 975 2326 Reiske:
999 2296 1103 2327 ταῦτα
1119 2294 1216 2326 codd.
1326 2294 1359 2334 ὃ]
1378 2293 1413 2325 οὗ
1428 2293 1460 2323 Α

135 2336 176 2364 26
199 2337 426 2377 ’γεγραμμένον
442 2337 474 2367 Α
491 2349 496 2368 z
520 2337 743 2379 ’γεγραμμένου
759 2338 847 2377 vulg.
