1685 2772
85 914 205 969 [923]

77 2147 197 2202 [924]

813 465 996 507 XXXV

321 591 482 640 ΠΡΟΣ
529 597 657 638 ΤΗΝ
705 597 1018 638 ΛΑΚΡΙΤΟΤ
1067 598 1490 639 ΠΑΡΑΓΡΑΦΗΝ

796 728 1012 758 ΤΠΟΘΕΣῙΣ.

302 802 518 853 Ανδροκλῆς
538 802 709 843 δανείσας
734 803 909 854 χρήματα
928 803 1132 855 Ἀρτέμωνι
1159 805 1358 855 Φασηλίτῃ
1384 803 1428 842 τὸ
1452 804 1570 856 γένος,

238 859 396 909 ἐμπόρῳ,
436 858 728 907 τελευτήσαντος
767 859 904 896 ἐκείνου
941 859 1028 909 πρὶν
1066 858 1265 897 ἀποδοῦναι
1302 860 1345 897 τὸ
1383 860 1566 910 ἀργύριον,

236 914 448 963 εἰσπράττει
485 913 550 950 τὸν
590 912 756 961 ἀδελφὸν
794 915 905 951 αὐτοῦ
945 914 1129 963 Λάκριτον
1165 914 1229 951 τὸν
1268 914 1471 962 σοφιστήν,
1507 913 1570 951 δύο

234 967 550 1017 προβαλλόμενος
579 966 709 1013 δίκαια,
733 967 789 1005 ὅτι
816 985 857 1005 τε
885 967 1066 1017 παρόντος
1095 968 1279 1017 Λακρίτου
1309 968 1369 1006 καὶ
1398 967 1569 1012 ἀναδεξα-

235 1023 346 1071 μένου
374 1022 416 1059 τὸ
447 1021 622 1073 ἀργύριον
652 1021 817 1059 ἐδάνεισε
846 1026 895 1073 τῷ
923 1021 1138 1072 Ἀρτέμωνι,
1167 1023 1227 1059 καὶ
1255 1022 1311 1059 ὅτι
1341 1023 1570 1072 κληρονόμος
1589 1042 1607 1074 5

236 1078 317 1115 ἐστὶ
354 1079 425 1114 τῶν
462 1075 697 1125 Ἀρτέμωνος
734 1078 928 1125 Λάκριτος.
988 1078 1007 1113 ὁ
1046 1076 1084 1114 δὲ
1121 1078 1185 1124 τῆς
1217 1078 1285 1125 μὲν
1324 1078 1570 1127 κληρονομίας

237 1131 476 1179 ἀφίστασθαί
505 1134 617 1180 φησι,
652 1132 941 1182 παραγράφεται
974 1130 1013 1168 δὲ
1050 1130 1118 1178 τὴν
1155 1131 1269 1179 δίκην,
1301 1131 1422 1182 λέγων
1453 1131 1569 1181 μηδὲν

236 1189 351 1237 ἑαυτῷ
388 1187 480 1235 πρὸς
518 1184 745 1234 Ἀνδροκλέα
792 1186 1034 1234 συμβόλαιον
1074 1184 1164 1222 εἶναι
1207 1185 1300 1234 μηδὲ
1343 1187 1570 1238 συγγραφὴν

234 1240 426 1290 μηδεμίαν.
484 1241 629 1280 πάντως
655 1240 693 1278 δὲ
718 1239 778 1277 καὶ
799 1240 841 1277 τὸ
869 1239 1110 1290 ἀναδεδέχθαι
1132 1238 1280 1288 ἔξαρνος
1304 1240 1454 1291 γίνεται·
1486 1241 1569 1279 οὐδὲ

234 1296 307 1346 ’γὰρ
327 1294 371 1332 ἂν
389 1294 488 1332 τοῦθ’
509 1296 703 1345 ὁμολογῶν
723 1294 929 1346 ἠγνωμόνει
949 1294 1040 1344 πρὸς
1058 1294 1125 1342 τὴν
1146 1295 1297 1332 ἔκτισιν.

291 1351 369 1387 Οὐκ
407 1348 520 1398 ὀρθῶς
553 1349 593 1387 δέ
624 1366 717 1389 τινες
749 1349 927 1398 ἐνόμισαν
960 1349 1025 1387 τὸν
1058 1349 1174 1400 λόγον
1202 1349 1254 1398 μὴ
1283 1349 1437 1400 γνήσιον
1468 1348 1567 1393 εἶναι,

235 1404 406 1453 ἀμυδροῖς
445 1403 692 1452 ἀπατηθέντες
729 1405 947 1454 τεκμηρίοις.
1009 1403 1051 1441 τὸ
1089 1405 1157 1453 μὲν
1194 1405 1266 1454 γὰρ
1299 1405 1365 1452 τῆς
1397 1405 1570 1453 φράσεως

234 1459 421 1508 ἀνειμένον
445 1460 508 1495 οὐκ
534 1460 691 1507 ἀπρεπὲς
718 1458 907 1498 ἰδιωτικοῖς
938 1461 1070 1510 ἀγῶσι,
1093 1458 1158 1496 τὸν
1185 1458 1223 1496 δὲ
1249 1458 1322 1495 Δία
1347 1458 1411 1496 τὸν
1432 1460 1569 1496 ἄνακτα

234 1514 327 1550 κατὰ
359 1513 426 1561 τὴν
463 1515 528 1550 τοῦ
565 1513 768 1562 προσώπου
806 1510 906 1564 (τοῦ)
946 1513 1187 1562 ὑποκειμένου
1223 1512 1418 1561 συνήθειαν
1457 1512 1569 1561 δῆλός

233 1570 336 1605 ἐστιν
355 1567 560 1616 ὠνομακώς,
577 1568 667 1616 πρὸς
682 1567 721 1605 δὲ
739 1568 807 1616 τὴν
824 1568 1080 1619 παραγραφὴν
1099 1566 1368 1616 ἀσθενέστερον
1383 1567 1568 1617 ἀπήντηκε

233 1621 291 1659 διὰ
311 1625 375 1659 τοῦ
394 1623 611 1673 πράγματος
630 1622 672 1660 τὸ
692 1623 865 1671 πονηρόν.

299 1750 428 1790 Οὐδὲν
468 1750 602 1791 καινὸν
643 1751 948 1803 διαπράττονται
994 1753 1030 1792 οἱ
1073 1754 1314 1802 Φασηλῖται,
1358 1749 1387 1790 ὦ
1429 1751 1565 1804 ἄνδρες

231 1819 425 1863 δικασταί,
463 1817 554 1857 ἀλλ’
591 1817 690 1870 ἅπερ
726 1819 925 1858 εἰώθασιν.
986 1819 1092 1858 οὗτοι
1127 1820 1203 1871 γὰρ
1240 1819 1457 1859 δεινότατοι
1492 1818 1565 1870 μέν

231 1885 333 1924 εἰσιν
359 1885 619 1924 δανείσασθαι
652 1884 835 1938 χρήματα
867 1888 908 1925 ἐν
937 1889 989 1939 τῷ
1021 1886 1206 1939 ἐμπορίῳ,
1234 1887 1394 1926 ἐπειδὰν
1420 1887 1462 1926 δὲ
1490 1885 1562 1926 λά-

1591 1314 1630 1337 10

1590 1587 1625 1619 15

229 1955 362 2001 βωσιν
388 1951 449 1990 καὶ
480 1951 719 2003 συγγραφὴν
751 1951 1065 2005 συγγράψωνται
1096 1951 1294 2002 ναυτικήν,
1328 1952 1438 1994 εὐθὺς
1472 1954 1560 1993 ἐπε·
1585 1967 1623 1988 20

228 2017 400 2057 λάθοντο
438 2018 500 2057 καὶ
537 2022 615 2058 τῶν
653 2022 899 2070 συγγραφῶν
935 2019 996 2059 καὶ
1031 2022 1109 2058 τῶν
1146 2019 1275 2068 νόμων
1312 2019 1374 2059 καὶ
1410 2020 1470 2059 ὅτι
1505 2021 1568 2060 δεῖ

666 2086 681 2101 ὸ

229 2085 443 2124 ἀποδοῦναι
484 2085 622 2126 αὐτοὺς
664 2103 688 2125 α
726 2085 890 2136 ἔλαβον,
934 2086 996 2125 καὶ
1035 2087 1195 2131 οἴονται,
1238 2085 1307 2125 ἐὰν
1343 2086 1559 2132 ἀποδῶσιν,

230 2151 363 2203 ὥσπερ
392 2155 469 2192 τῶν
501 2152 609 2191 ἰδίων
641 2168 678 2191 τι
709 2156 787 2192 τῶν
823 2154 969 2191 ἑαυτῶν
1005 2150 1316 2197 ἀπολωλεκέναι,
1353 2151 1443 2192 ἀλλ’
1475 2153 1562 2193 ἀντὶ
1602 2179 1605 2181 >

278 2272 315 2300 14
340 2261 441 2302 (τοῦ)
460 2261 539 2291 add.
557 2260 657 2291 Wolf
754 2262 792 2290 16
815 2263 873 2292 τοῦ
891 2260 1078 2301 πράγματος
1095 2260 1214 2300 scripsi
1231 2271 1238 2291 :
1261 2261 1300 2292 τὸ
1318 2263 1449 2301 πρᾶγμα.
1465 2261 1559 2292 codd.

234 2315 271 2343 19
297 2305 451 2346 ἐμπορείῳ
470 2304 493 2335 S
508 2305 539 2334 in
558 2305 621 2334 hac
641 2314 772 2343 quoque
789 2306 943 2334 oratione
958 2309 1155 2334 constanter
1289 2314 1330 2334 22
1354 2304 1468 2336 αὐτοὺς
1486 2305 1546 2336 ἀπο

230 2352 335 2380 δοῦναι
353 2349 383 2378 Α
517 2359 558 2387 23
583 2348 821 2380 ἀπολωλεκέναι
839 2348 868 2377 Α
885 2359 891 2377 t
918 2347 1147 2379 ἀποδεδωκέναι
1165 2347 1254 2385 vulg.
